date;first_name;gender;product_name;category;price;quantity;revenue;customer_country;platform;marketing_channel;nps_score
7/14/2024;Colver;Male;Ultimate Planner Hub;Webinar;128;1;128;Portugal;ClickFunnels;Email;3
04/10/2025;Paolo;Male;Content Calendar Pro;E-book;32;5;160;Indonesia;Direct;Email;6
02/01/2025;Stacie;Female;Habit Tracker for Creators;Webinar;27;1;27;Guatemala;Kajabi;Organic Search;3
5/23/2025;Kaia;Female;Masterclass: Digital Marketing;Coaching Program;147;3;441;Brazil;Direct;YouTube;1
09/09/2024;Steven;Male;Habit Tracker for Creators;Course;88;1;88;Poland;Teachable;Affiliate;4
7/28/2024;Dunstan;Male;AI Course for Beginners;Coaching Program;81;2;162;China;ClickFunnels;YouTube;7
7/27/2024;Allyson;Female;AI Course for Beginners;Coaching Program;80;2;160;Argentina;Gumroad;TikTok;7
8/18/2024;Arch;Male;Masterclass: Digital Marketing;Coaching Program;45;4;180;Mongolia;ClickFunnels;TikTok;1
06/05/2025;Flossie;Bigender;Notion Second Brain;Webinar;142;5;710;Philippines;Teachable;YouTube;2
10/23/2024;Claire;Female;Financial Tracker;Coaching Program;20;5;100;China;ClickFunnels;Organic Search;6
10/25/2024;Tildie;Female;AI Course for Beginners;Course;65;3;195;Iran;Kajabi;TikTok;4
12/15/2024;Duky;Genderqueer;Masterclass: Digital Marketing;Course;38;4;152;Mongolia;Gumroad;Affiliate;6
09/02/2024;Paddie;Agender;AI Course for Beginners;Coaching Program;54;1;54;China;Shopify;TikTok;1
04/12/2025;Wash;Male;Content Calendar Pro;Template;148;3;444;Brazil;Teachable;Email;4
12/24/2024;Jennee;Female;Masterclass: Digital Marketing;Template;111;3;333;Philippines;Shopify;Instagram;3
12/01/2024;Barnett;Male;Content Calendar Pro;Coaching Program;79;3;237;China;Gumroad;Affiliate;4
7/22/2024;Stacee;Female;Financial Tracker;Course;131;1;131;China;Gumroad;Paid Ads;6
12/09/2024;Ruprecht;Male;Project Management Toolkit;Template;29;2;58;Macedonia;Teachable;Facebook Ads;0
7/30/2024;Peterus;Bigender;Webinar: Launch Your First Course;Subscription;90;2;180;Indonesia;Kajabi;Facebook Ads;9
12/17/2024;Aundrea;Female;Masterclass: Digital Marketing;Coaching Program;143;1;143;Indonesia;ClickFunnels;YouTube;2
05/02/2025;Neala;Female;Content Calendar Pro;Subscription;136;3;408;Russia;Teachable;Paid Ads;9
9/26/2024;Brnaby;Bigender;Content Calendar Pro;Webinar;39;2;78;China;Gumroad;Affiliate;10
09/05/2024;Nikolas;Male;Financial Tracker;Coaching Program;139;1;139;China;Shopify;Organic Search;6
6/15/2025;Garreth;Male;Productivity Booster Pack;E-book;21;3;63;Armenia;ClickFunnels;Facebook Ads;6
10/05/2024;Beverlie;Female;Financial Tracker;Coaching Program;110;4;440;Japan;Kajabi;TikTok;1
05/07/2025;Archer;Male;Financial Tracker;Course;45;5;225;Argentina;Shopify;Instagram;10
7/22/2024;Bonita;Female;Webinar: Launch Your First Course;Coaching Program;69;5;345;China;Kajabi;YouTube;2
11/28/2024;Karole;Female;AI Course for Beginners;Template;59;3;177;Cuba;Teachable;Paid Ads;1
01/11/2025;Torie;Female;Webinar: Launch Your First Course;Course;46;3;138;United States;Gumroad;Email;5
3/31/2025;Reggie;Male;Webinar: Launch Your First Course;Template;36;2;72;China;Direct;TikTok;8
2/26/2025;Vittoria;Female;Financial Tracker;E-book;95;4;380;Palestinian Territory;Gumroad;Instagram;5
11/06/2024;Angela;Female;Notion Second Brain;Subscription;112;4;448;Indonesia;Teachable;TikTok;9
10/16/2024;Nada;Female;Content Calendar Pro;E-book;76;4;304;China;Direct;Paid Ads;8
05/03/2025;Barbara;Female;Financial Tracker;Coaching Program;116;2;232;Russia;Gumroad;TikTok;3
2/18/2025;Wallie;Male;Content Calendar Pro;Subscription;80;3;240;France;Direct;YouTube;5
7/22/2024;Enoch;Male;Notion Second Brain;Subscription;95;1;95;Russia;ClickFunnels;Email;2
3/16/2025;Elnore;Female;AI Course for Beginners;Course;120;3;360;Nigeria;Direct;TikTok;2
11/17/2024;Jamill;Male;Productivity Booster Pack;Coaching Program;30;3;90;Argentina;Gumroad;Facebook Ads;5
9/17/2024;Joice;Female;Financial Tracker;Coaching Program;95;5;475;Russia;Gumroad;Email;8
05/07/2025;Tabby;Female;Project Management Toolkit;Coaching Program;79;4;316;Poland;Gumroad;Instagram;8
3/13/2025;Garik;Male;Content Calendar Pro;E-book;24;5;120;Japan;ClickFunnels;TikTok;3
01/12/2025;Jamison;Male;Masterclass: Digital Marketing;Template;100;2;200;Indonesia;ClickFunnels;Facebook Ads;2
03/03/2025;Milicent;Female;Productivity Booster Pack;Coaching Program;135;1;135;Sweden;Kajabi;TikTok;4
08/07/2024;Tom;Male;Webinar: Launch Your First Course;Webinar;66;4;264;Philippines;Direct;Instagram;10
11/08/2024;Shelby;Female;Content Calendar Pro;Coaching Program;24;2;48;Vietnam;ClickFunnels;Instagram;6
10/04/2024;Diena;Female;Webinar: Launch Your First Course;E-book;117;5;585;Indonesia;Shopify;Facebook Ads;6
8/15/2024;Elinore;Female;Webinar: Launch Your First Course;Coaching Program;112;4;448;China;Gumroad;Organic Search;10
7/30/2024;Flint;Male;Notion Second Brain;E-book;87;2;174;Oman;Teachable;Organic Search;1
04/08/2025;Kerwin;Male;Webinar: Launch Your First Course;Course;114;3;342;Russia;ClickFunnels;Email;6
12/19/2024;Rochella;Female;Content Calendar Pro;Course;20;4;80;China;ClickFunnels;Organic Search;1
4/24/2025;Salaidh;Female;Habit Tracker for Creators;Course;61;2;122;Colombia;Kajabi;Instagram;1
03/10/2025;Kathy;Female;AI Course for Beginners;Template;103;2;206;Russia;Shopify;Facebook Ads;8
8/17/2024;Lay;Male;Webinar: Launch Your First Course;Subscription;99;3;297;United States;ClickFunnels;YouTube;0
2/20/2025;Teriann;Genderqueer;Project Management Toolkit;Course;111;5;555;China;ClickFunnels;YouTube;5
12/29/2024;Jason;Bigender;Ultimate Planner Hub;Coaching Program;146;4;584;Tunisia;Teachable;YouTube;5
3/20/2025;Gian;Male;Productivity Booster Pack;Template;134;5;670;China;Teachable;Organic Search;4
03/05/2025;Dud;Male;Content Calendar Pro;Subscription;75;3;225;Iran;Direct;Organic Search;6
4/20/2025;Jamey;Male;Webinar: Launch Your First Course;E-book;19;3;57;China;Teachable;Affiliate;8
6/19/2025;Byron;Male;Habit Tracker for Creators;E-book;79;3;237;Canada;Kajabi;Instagram;6
10/23/2024;Cindee;Female;Ultimate Planner Hub;Subscription;63;5;315;Guatemala;ClickFunnels;YouTube;6
7/17/2024;Delaney;Male;AI Course for Beginners;Webinar;44;2;88;Nigeria;ClickFunnels;Email;1
11/26/2024;Daria;Female;Ultimate Planner Hub;Subscription;132;3;396;Haiti;Gumroad;TikTok;1
12/01/2024;Otho;Male;Content Calendar Pro;Webinar;46;4;184;Costa Rica;Kajabi;Email;3
01/02/2025;Hesther;Female;Project Management Toolkit;Subscription;63;3;189;Portugal;ClickFunnels;Email;8
04/08/2025;Gael;Female;Notion Second Brain;Subscription;141;2;282;Belize;Shopify;Instagram;0
6/23/2025;Inez;Female;Habit Tracker for Creators;Coaching Program;122;3;366;Sweden;Direct;Instagram;5
06/11/2025;Ade;Male;Notion Second Brain;Subscription;138;1;138;New Zealand;ClickFunnels;Paid Ads;5
03/01/2025;Doretta;Genderqueer;Project Management Toolkit;Template;55;1;55;China;Shopify;Instagram;4
7/24/2024;Anet;Female;Financial Tracker;Course;129;4;516;Norway;Shopify;YouTube;7
04/12/2025;Mace;Male;AI Course for Beginners;Template;22;3;66;United States;Direct;Paid Ads;1
10/10/2024;Celine;Female;Ultimate Planner Hub;Webinar;142;5;710;United States;Kajabi;Organic Search;2
10/20/2024;Angele;Female;Project Management Toolkit;Webinar;83;4;332;Pakistan;Direct;Facebook Ads;9
09/01/2024;Lloyd;Bigender;Notion Second Brain;Coaching Program;38;3;114;Argentina;Teachable;YouTube;8
8/15/2024;Lavina;Female;AI Course for Beginners;Course;72;2;144;Indonesia;Gumroad;Email;2
07/11/2024;Zabrina;Female;Habit Tracker for Creators;Subscription;44;4;176;Thailand;Gumroad;Paid Ads;3
6/23/2025;Lorry;Male;Ultimate Planner Hub;E-book;139;4;556;China;Kajabi;TikTok;6
2/27/2025;Ansley;Female;Masterclass: Digital Marketing;Subscription;113;3;339;Norway;Shopify;YouTube;7
06/03/2025;Norrie;Male;Webinar: Launch Your First Course;Coaching Program;66;3;198;Indonesia;Direct;Instagram;1
8/31/2024;Kylynn;Female;Masterclass: Digital Marketing;E-book;72;1;72;Indonesia;Gumroad;Affiliate;8
8/27/2024;Correna;Female;Productivity Booster Pack;Template;106;2;212;Brazil;Gumroad;Facebook Ads;3
05/04/2025;Dietrich;Male;Webinar: Launch Your First Course;Subscription;42;4;168;Iran;Gumroad;TikTok;9
7/14/2024;Kirby;Female;Masterclass: Digital Marketing;E-book;122;2;244;Israel;Shopify;Email;5
1/26/2025;Garret;Male;Ultimate Planner Hub;Subscription;118;5;590;Zambia;Gumroad;TikTok;4
05/12/2025;Abigael;Female;Project Management Toolkit;Coaching Program;36;3;108;Mayotte;Gumroad;Email;5
4/30/2025;Parry;Male;Financial Tracker;E-book;127;3;381;Czech Republic;Teachable;Paid Ads;6
7/21/2024;Bord;Male;Notion Second Brain;Coaching Program;113;2;226;China;ClickFunnels;YouTube;9
06/10/2025;Harwilll;Male;AI Course for Beginners;E-book;31;3;93;Philippines;Shopify;Paid Ads;10
03/01/2025;Bart;Male;Productivity Booster Pack;Course;100;3;300;Indonesia;Direct;Organic Search;1
12/30/2024;Florida;Female;Masterclass: Digital Marketing;Course;41;1;41;United States;Teachable;Affiliate;0
8/16/2024;Demetris;Male;Content Calendar Pro;E-book;100;5;500;Ukraine;Gumroad;Paid Ads;6
10/22/2024;Teressa;Non-binary;Masterclass: Digital Marketing;Webinar;103;2;206;China;Kajabi;Affiliate;4
2/28/2025;Lian;Female;Ultimate Planner Hub;Webinar;71;3;213;Russia;ClickFunnels;Facebook Ads;0
4/24/2025;Albertina;Female;AI Course for Beginners;E-book;132;5;660;Brazil;Kajabi;Instagram;7
06/11/2025;Shadow;Male;Project Management Toolkit;E-book;71;3;213;Argentina;ClickFunnels;Affiliate;1
3/18/2025;Cassie;Male;Ultimate Planner Hub;Course;109;5;545;United Kingdom;ClickFunnels;Email;7
11/29/2024;Celestine;Female;AI Course for Beginners;Webinar;132;1;132;Bhutan;Direct;YouTube;0
10/09/2024;Estele;Non-binary;Webinar: Launch Your First Course;Coaching Program;56;1;56;United States;Kajabi;Paid Ads;0
06/11/2025;Tremayne;Male;Habit Tracker for Creators;Webinar;115;2;230;Portugal;Teachable;Organic Search;1
2/16/2025;Lesya;Non-binary;Webinar: Launch Your First Course;E-book;77;3;231;Brazil;Direct;Organic Search;1
9/24/2024;Matteo;Male;Ultimate Planner Hub;E-book;63;4;252;Macedonia;Kajabi;Email;6
5/22/2025;Luther;Male;Financial Tracker;Subscription;41;4;164;Russia;Teachable;TikTok;10
12/23/2024;Kylynn;Female;Financial Tracker;Subscription;25;2;50;Sweden;Direct;Email;2
5/17/2025;Stanly;Male;Productivity Booster Pack;Coaching Program;77;5;385;Indonesia;Kajabi;TikTok;8
6/25/2024;Maximo;Male;Habit Tracker for Creators;E-book;75;4;300;Indonesia;Kajabi;Facebook Ads;2
05/04/2025;Hayden;Male;Habit Tracker for Creators;Webinar;27;3;81;China;Direct;Instagram;2
05/10/2025;Gino;Male;Ultimate Planner Hub;Subscription;53;4;212;Poland;Gumroad;TikTok;9
12/12/2024;Allyce;Female;Ultimate Planner Hub;Webinar;77;4;308;Indonesia;Kajabi;Instagram;6
8/29/2024;Geoff;Male;Webinar: Launch Your First Course;Subscription;86;2;172;Portugal;Direct;YouTube;3
1/29/2025;Sheila;Female;Productivity Booster Pack;Webinar;45;2;90;Ethiopia;Direct;Paid Ads;7
12/12/2024;Babb;Female;Financial Tracker;Webinar;21;1;21;Bulgaria;Shopify;Instagram;9
5/23/2025;Nikoletta;Female;Webinar: Launch Your First Course;Subscription;64;1;64;Poland;Direct;Instagram;0
2/22/2025;Ebeneser;Male;Masterclass: Digital Marketing;Course;54;2;108;Armenia;Direct;Paid Ads;10
10/08/2024;Francklin;Male;Habit Tracker for Creators;E-book;128;1;128;Indonesia;Shopify;Facebook Ads;8
4/24/2025;Welby;Male;Project Management Toolkit;Webinar;55;5;275;Indonesia;Shopify;Facebook Ads;6
10/19/2024;Toma;Genderfluid;Content Calendar Pro;Template;105;1;105;Cuba;Teachable;Affiliate;7
4/16/2025;Vinny;Female;Webinar: Launch Your First Course;Template;67;3;201;China;ClickFunnels;Affiliate;4
9/17/2024;Gordan;Male;Content Calendar Pro;Webinar;54;2;108;Kazakhstan;Gumroad;Organic Search;5
7/18/2024;Randi;Male;Project Management Toolkit;Webinar;58;3;174;Colombia;ClickFunnels;YouTube;5
12/13/2024;Bryn;Female;Productivity Booster Pack;Subscription;104;3;312;Russia;Teachable;Paid Ads;7
8/24/2024;Farlee;Male;Masterclass: Digital Marketing;Subscription;22;5;110;Portugal;Kajabi;Paid Ads;5
4/16/2025;Ulla;Female;Habit Tracker for Creators;Subscription;38;5;190;China;Gumroad;Affiliate;0
5/31/2025;Nixie;Female;Ultimate Planner Hub;E-book;89;1;89;China;Teachable;Paid Ads;8
10/30/2024;Ryun;Male;Webinar: Launch Your First Course;Webinar;107;4;428;China;Kajabi;Affiliate;6
09/12/2024;Juliane;Female;Content Calendar Pro;E-book;142;5;710;Argentina;ClickFunnels;Facebook Ads;2
2/26/2025;Weston;Male;Financial Tracker;Template;50;5;250;Canada;ClickFunnels;Facebook Ads;7
07/04/2024;Lockwood;Male;AI Course for Beginners;Webinar;46;2;92;Iran;Kajabi;Facebook Ads;7
10/05/2024;Marcellus;Male;Productivity Booster Pack;Course;21;2;42;Greece;Kajabi;Email;5
02/07/2025;Roxine;Female;Ultimate Planner Hub;E-book;68;3;204;Japan;ClickFunnels;Email;1
05/05/2025;Shepherd;Non-binary;Habit Tracker for Creators;Template;22;5;110;China;Kajabi;YouTube;1
11/14/2024;Bronson;Male;Ultimate Planner Hub;Template;26;1;26;Cuba;Gumroad;Instagram;4
5/30/2025;Carroll;Male;Financial Tracker;E-book;107;3;321;Uganda;ClickFunnels;Email;6
2/24/2025;Arlana;Female;Notion Second Brain;Course;81;2;162;Indonesia;Shopify;TikTok;1
9/29/2024;Carlyle;Male;Notion Second Brain;Template;41;1;41;Poland;Shopify;Email;5
09/07/2024;Zelig;Male;Masterclass: Digital Marketing;E-book;30;2;60;Poland;ClickFunnels;Organic Search;3
12/29/2024;Lizzy;Female;Ultimate Planner Hub;Template;59;4;236;Portugal;ClickFunnels;Organic Search;5
12/08/2024;Susanne;Female;AI Course for Beginners;Course;33;2;66;Brazil;Shopify;YouTube;10
10/10/2024;Michel;Male;Content Calendar Pro;Template;102;4;408;Indonesia;Gumroad;YouTube;4
09/09/2024;Rachel;Female;AI Course for Beginners;Course;38;5;190;Poland;ClickFunnels;Affiliate;2
07/08/2024;Torey;Female;Financial Tracker;Template;84;3;252;Indonesia;Teachable;Organic Search;6
4/26/2025;Chip;Agender;AI Course for Beginners;Course;113;5;565;Czech Republic;Shopify;Email;4
6/30/2024;Albertina;Female;Financial Tracker;Course;141;1;141;Belarus;Direct;Email;4
4/13/2025;Alaster;Male;Masterclass: Digital Marketing;Subscription;63;4;252;Portugal;Shopify;Instagram;2
01/12/2025;Susanne;Female;Habit Tracker for Creators;Webinar;76;3;228;Burkina Faso;Kajabi;Affiliate;6
1/13/2025;Maximilien;Male;Content Calendar Pro;Subscription;62;1;62;Poland;Teachable;Email;9
11/25/2024;Dory;Female;Project Management Toolkit;Coaching Program;113;5;565;Poland;Kajabi;Affiliate;10
5/18/2025;Sherill;Female;Webinar: Launch Your First Course;Subscription;135;2;270;Philippines;Direct;Email;5
07/08/2024;Arleen;Female;Masterclass: Digital Marketing;Coaching Program;91;4;364;Peru;Teachable;YouTube;8
7/21/2024;Lucas;Male;Financial Tracker;E-book;36;5;180;Indonesia;Shopify;Instagram;5
1/14/2025;Dre;Female;Ultimate Planner Hub;Coaching Program;141;2;282;Brazil;Teachable;Organic Search;5
01/12/2025;Deeyn;Agender;Financial Tracker;Webinar;135;1;135;Nicaragua;Teachable;TikTok;1
05/03/2025;Almeta;Female;Financial Tracker;Template;42;5;210;Thailand;Shopify;Paid Ads;2
6/22/2025;Lindsy;Female;Productivity Booster Pack;Template;25;4;100;United States;Shopify;Facebook Ads;0
8/31/2024;Brynne;Genderfluid;Ultimate Planner Hub;Webinar;135;3;405;Greece;Teachable;Affiliate;3
5/21/2025;Calli;Female;AI Course for Beginners;Course;73;4;292;Iraq;Teachable;Organic Search;6
07/04/2024;Magdalene;Bigender;Content Calendar Pro;Webinar;89;3;267;Philippines;Kajabi;TikTok;3
6/29/2024;Reba;Bigender;Project Management Toolkit;Coaching Program;144;2;288;Indonesia;Direct;Instagram;7
6/28/2024;Nat;Female;Notion Second Brain;Course;56;5;280;Albania;ClickFunnels;Organic Search;5
7/21/2024;Sib;Female;AI Course for Beginners;E-book;87;5;435;United States;Gumroad;Affiliate;9
7/30/2024;Nevile;Male;Ultimate Planner Hub;Webinar;84;3;252;China;Gumroad;YouTube;0
07/01/2024;Granville;Male;Content Calendar Pro;Coaching Program;22;1;22;Iran;ClickFunnels;TikTok;3
3/16/2025;Rutter;Male;Productivity Booster Pack;E-book;34;3;102;France;Shopify;Instagram;9
7/22/2024;Ignazio;Male;Project Management Toolkit;Course;94;5;470;Philippines;Direct;Paid Ads;6
12/02/2024;Vivie;Female;Financial Tracker;E-book;84;3;252;Uzbekistan;Gumroad;Affiliate;3
7/26/2024;Clarita;Female;Habit Tracker for Creators;Coaching Program;49;1;49;Sweden;Shopify;Instagram;1
05/10/2025;Fania;Female;AI Course for Beginners;E-book;25;3;75;Mauritius;Teachable;Organic Search;7
06/07/2025;Georas;Male;Productivity Booster Pack;Coaching Program;132;5;660;Philippines;Kajabi;TikTok;7
10/01/2024;Codie;Female;Notion Second Brain;Subscription;119;3;357;Poland;Teachable;Paid Ads;7
05/04/2025;Allsun;Female;Financial Tracker;Course;116;5;580;China;Direct;Affiliate;3
6/16/2025;Brena;Female;Webinar: Launch Your First Course;Course;103;3;309;Russia;Shopify;TikTok;4
10/30/2024;Clifford;Male;AI Course for Beginners;E-book;23;1;23;Croatia;Direct;Facebook Ads;8
07/07/2024;Gerda;Female;Content Calendar Pro;Coaching Program;46;1;46;Argentina;Teachable;Paid Ads;9
12/07/2024;Noe;Male;Ultimate Planner Hub;Webinar;19;5;95;Moldova;ClickFunnels;Paid Ads;8
12/27/2024;Krista;Female;Habit Tracker for Creators;Coaching Program;114;5;570;Indonesia;Direct;Email;6
03/10/2025;Marjie;Female;AI Course for Beginners;Webinar;136;3;408;United States;Shopify;Organic Search;10
11/07/2024;Prescott;Male;Content Calendar Pro;Template;137;3;411;Netherlands;Teachable;Instagram;8
09/06/2024;Delcina;Female;Financial Tracker;Template;66;1;66;Iran;Teachable;YouTube;2
8/25/2024;Dyann;Female;Habit Tracker for Creators;Template;129;3;387;Nicaragua;Teachable;Affiliate;6
3/19/2025;Witty;Male;Project Management Toolkit;Subscription;78;4;312;France;Gumroad;Affiliate;1
06/09/2025;Twyla;Female;Webinar: Launch Your First Course;E-book;63;3;189;Luxembourg;Teachable;Organic Search;1
05/12/2025;Shem;Male;Productivity Booster Pack;Template;83;4;332;Philippines;Direct;Facebook Ads;1
06/06/2025;Maury;Male;Webinar: Launch Your First Course;Template;64;2;128;France;Gumroad;Facebook Ads;5
12/14/2024;Jordan;Male;Project Management Toolkit;Coaching Program;133;5;665;Nicaragua;ClickFunnels;Paid Ads;2
2/28/2025;Yolane;Female;Masterclass: Digital Marketing;E-book;59;5;295;Japan;Teachable;Instagram;7
3/19/2025;Siward;Male;Productivity Booster Pack;Coaching Program;127;1;127;Indonesia;Kajabi;Paid Ads;5
01/12/2025;Ameline;Female;Habit Tracker for Creators;Webinar;145;5;725;Sweden;Shopify;Affiliate;7
12/04/2024;Verge;Male;AI Course for Beginners;Coaching Program;139;2;278;Philippines;Kajabi;TikTok;9
1/20/2025;Galven;Male;Webinar: Launch Your First Course;E-book;122;5;610;Denmark;Direct;Paid Ads;7
04/12/2025;Dewie;Male;Content Calendar Pro;Course;123;5;615;Peru;ClickFunnels;Facebook Ads;2
11/09/2024;Dulsea;Female;Notion Second Brain;Subscription;127;2;254;China;Gumroad;Facebook Ads;9
8/14/2024;Skippy;Male;Ultimate Planner Hub;Subscription;52;4;208;Mexico;Gumroad;Affiliate;0
03/03/2025;Roseann;Female;AI Course for Beginners;Webinar;101;5;505;Portugal;Direct;Paid Ads;4
9/19/2024;Tatum;Female;AI Course for Beginners;E-book;91;4;364;Serbia;Direct;Instagram;1
4/29/2025;Ethelda;Female;Project Management Toolkit;E-book;66;5;330;Poland;Gumroad;Affiliate;1
5/15/2025;Ludovika;Female;Financial Tracker;Webinar;56;4;224;China;ClickFunnels;Paid Ads;5
5/19/2025;Malvina;Female;Productivity Booster Pack;Template;130;1;130;Lithuania;Shopify;Affiliate;5
06/12/2025;Clarence;Male;Masterclass: Digital Marketing;Subscription;31;1;31;Poland;Kajabi;Instagram;10
02/03/2025;Garvin;Male;Content Calendar Pro;E-book;111;4;444;United Kingdom;Kajabi;Instagram;10
03/04/2025;Hanna;Female;Notion Second Brain;Template;41;5;205;Honduras;Direct;Facebook Ads;0
8/18/2024;Milo;Polygender;Project Management Toolkit;Course;39;3;117;Iran;ClickFunnels;Email;3
3/31/2025;Minnie;Female;Notion Second Brain;E-book;20;2;40;China;Kajabi;Facebook Ads;3
10/11/2024;Dani;Female;Financial Tracker;E-book;28;1;28;Mozambique;Gumroad;Email;7
2/14/2025;Sydney;Agender;Masterclass: Digital Marketing;Course;23;2;46;Portugal;ClickFunnels;Instagram;3
02/05/2025;Rosemarie;Female;AI Course for Beginners;Template;112;2;224;China;Gumroad;Affiliate;4
9/27/2024;Charin;Female;Productivity Booster Pack;Template;79;3;237;Malaysia;Gumroad;YouTube;5
7/22/2024;Logan;Non-binary;Notion Second Brain;Template;38;5;190;Belarus;Gumroad;Instagram;1
1/28/2025;Lorry;Female;Project Management Toolkit;E-book;27;4;108;China;Shopify;Email;5
04/01/2025;Larry;Male;Content Calendar Pro;Template;30;1;30;Brazil;Direct;Facebook Ads;1
8/31/2024;Saundra;Male;Content Calendar Pro;Course;123;4;492;China;Kajabi;Facebook Ads;4
06/05/2025;Garvin;Male;Webinar: Launch Your First Course;Subscription;127;3;381;Martinique;ClickFunnels;Organic Search;7
07/06/2024;Elwyn;Male;Webinar: Launch Your First Course;Subscription;69;2;138;Russia;ClickFunnels;Instagram;4
6/30/2024;Allard;Male;Notion Second Brain;E-book;50;5;250;Russia;ClickFunnels;Facebook Ads;6
12/24/2024;Hadria;Female;Masterclass: Digital Marketing;Course;121;3;363;Indonesia;Gumroad;Email;1
4/28/2025;Walden;Male;Masterclass: Digital Marketing;Subscription;85;3;255;Peru;Gumroad;Instagram;8
05/07/2025;Abbey;Male;Productivity Booster Pack;E-book;88;4;352;China;Gumroad;Paid Ads;4
5/28/2025;Siward;Male;Webinar: Launch Your First Course;Webinar;67;4;268;Yemen;Direct;Affiliate;4
6/13/2025;Gunner;Male;Content Calendar Pro;Subscription;23;3;69;China;Gumroad;Paid Ads;10
12/12/2024;Dix;Female;Webinar: Launch Your First Course;Template;58;2;116;Malawi;Gumroad;TikTok;1
5/26/2025;Cori;Male;Habit Tracker for Creators;Coaching Program;88;3;264;Brazil;Gumroad;Facebook Ads;7
01/01/2025;Maureen;Female;Project Management Toolkit;Subscription;92;1;92;Greece;Direct;Organic Search;2
1/25/2025;Konstance;Female;Project Management Toolkit;Course;138;4;552;Palestinian Territory;ClickFunnels;TikTok;9
9/18/2024;Ashli;Female;Habit Tracker for Creators;Subscription;108;4;432;China;Shopify;Instagram;6
11/14/2024;Bealle;Male;Project Management Toolkit;Template;118;2;236;China;Direct;Facebook Ads;10
1/26/2025;Margot;Female;Content Calendar Pro;Subscription;52;5;260;Indonesia;Gumroad;Paid Ads;1
6/25/2024;Sarajane;Female;Notion Second Brain;Course;131;3;393;Greece;Direct;YouTube;2
10/17/2024;Alejandro;Male;Webinar: Launch Your First Course;Webinar;55;5;275;Serbia;Direct;Email;8
08/02/2024;Andy;Male;Notion Second Brain;E-book;36;5;180;Ukraine;Kajabi;Paid Ads;5
03/01/2025;Garland;Agender;Notion Second Brain;Course;143;1;143;Indonesia;Teachable;YouTube;1
6/21/2025;Stu;Male;Project Management Toolkit;Template;146;2;292;Russia;Teachable;YouTube;8
1/20/2025;Rozalin;Agender;Masterclass: Digital Marketing;Subscription;119;2;238;Mongolia;Gumroad;Affiliate;1
12/15/2024;Valencia;Female;Project Management Toolkit;Course;79;1;79;Egypt;Direct;Organic Search;8
4/24/2025;Gunther;Male;Habit Tracker for Creators;Template;116;3;348;Indonesia;Kajabi;TikTok;9
10/28/2024;Robbyn;Female;Financial Tracker;Course;136;3;408;China;Shopify;Instagram;5
12/27/2024;Gareth;Male;Productivity Booster Pack;Course;23;1;23;Brazil;Kajabi;Email;1
4/18/2025;Damita;Female;Financial Tracker;Webinar;124;2;248;Ukraine;Shopify;Instagram;7
06/07/2025;Nick;Male;Financial Tracker;Subscription;113;1;113;China;ClickFunnels;YouTube;9
6/23/2025;Hinda;Female;Habit Tracker for Creators;Webinar;78;4;312;United States;Gumroad;Organic Search;7
7/22/2024;Dacy;Female;Productivity Booster Pack;Subscription;47;4;188;Poland;ClickFunnels;Affiliate;2
7/21/2024;Nicholle;Female;Webinar: Launch Your First Course;Template;91;5;455;Uzbekistan;Gumroad;TikTok;10
4/22/2025;Dennison;Male;Habit Tracker for Creators;E-book;85;2;170;Greece;Teachable;TikTok;5
1/19/2025;Humfrid;Male;Ultimate Planner Hub;Course;88;3;264;Greece;Direct;Paid Ads;9
4/22/2025;Madella;Female;Financial Tracker;Template;104;4;416;Brazil;Teachable;Instagram;1
09/10/2024;Annalise;Female;AI Course for Beginners;Course;68;3;204;Equatorial Guinea;Direct;YouTube;6
8/29/2024;Giselle;Female;AI Course for Beginners;Webinar;116;5;580;Poland;Kajabi;Email;3
9/25/2024;Averyl;Female;Masterclass: Digital Marketing;E-book;82;2;164;Netherlands;Gumroad;Facebook Ads;2
03/04/2025;Burgess;Male;Ultimate Planner Hub;Subscription;68;1;68;Peru;Kajabi;Instagram;2
02/02/2025;Caroline;Polygender;Masterclass: Digital Marketing;Webinar;88;1;88;Greece;Kajabi;Organic Search;5
1/27/2025;Walden;Male;Project Management Toolkit;Template;54;3;162;Russia;Shopify;Facebook Ads;7
8/17/2024;Connie;Female;Productivity Booster Pack;Template;70;2;140;China;Kajabi;Affiliate;8
06/07/2025;Tadeas;Male;Content Calendar Pro;Template;29;1;29;China;Kajabi;YouTube;7
1/17/2025;Marnie;Female;Notion Second Brain;Course;124;1;124;Philippines;ClickFunnels;Paid Ads;8
7/21/2024;Heall;Male;Financial Tracker;E-book;97;3;291;Brazil;Teachable;Paid Ads;4
12/13/2024;Lelah;Female;Content Calendar Pro;Course;45;3;135;Philippines;ClickFunnels;Paid Ads;4
03/07/2025;Sam;Genderqueer;Habit Tracker for Creators;Template;68;3;204;Canada;Gumroad;Instagram;10
7/28/2024;Fields;Male;Financial Tracker;E-book;38;4;152;Czech Republic;Direct;Organic Search;2
04/06/2025;Archer;Male;Notion Second Brain;Coaching Program;99;3;297;Indonesia;ClickFunnels;Affiliate;5
1/31/2025;Nikolaos;Male;Content Calendar Pro;Subscription;94;1;94;Ivory Coast;Teachable;TikTok;8
09/07/2024;Dona;Female;Ultimate Planner Hub;Subscription;52;5;260;Sweden;ClickFunnels;Facebook Ads;8
12/13/2024;Bondon;Male;Webinar: Launch Your First Course;Coaching Program;122;1;122;Afghanistan;Shopify;Email;6
5/22/2025;Barde;Male;Webinar: Launch Your First Course;Template;113;3;339;Ukraine;ClickFunnels;Paid Ads;9
02/08/2025;Jania;Female;Productivity Booster Pack;Course;123;3;369;Costa Rica;Gumroad;Paid Ads;10
1/18/2025;Deni;Female;AI Course for Beginners;E-book;96;2;192;Ukraine;Gumroad;Paid Ads;6
11/22/2024;Louella;Female;AI Course for Beginners;Coaching Program;131;1;131;Sweden;ClickFunnels;Affiliate;2
11/24/2024;Royce;Male;Project Management Toolkit;Template;130;2;260;Jordan;Direct;Instagram;10
2/14/2025;Gustav;Male;Productivity Booster Pack;E-book;49;4;196;Greece;ClickFunnels;Paid Ads;7
03/06/2025;Brooke;Male;AI Course for Beginners;Subscription;81;1;81;Indonesia;Shopify;Facebook Ads;4
03/01/2025;Merissa;Female;AI Course for Beginners;Template;29;1;29;China;Kajabi;YouTube;3
6/23/2025;Nadya;Female;AI Course for Beginners;Subscription;37;5;185;China;Gumroad;Affiliate;6
04/04/2025;Wilie;Female;Masterclass: Digital Marketing;Subscription;144;1;144;Philippines;ClickFunnels;Instagram;0
10/30/2024;Yoshiko;Female;Notion Second Brain;Subscription;58;4;232;Saint Vincent and the Grenadines;Kajabi;Instagram;3
09/10/2024;Danell;Female;Content Calendar Pro;Template;92;4;368;China;Gumroad;Organic Search;2
6/18/2025;Lonnard;Male;Masterclass: Digital Marketing;Template;44;2;88;Russia;Shopify;Email;1
8/26/2024;Minetta;Female;Habit Tracker for Creators;Template;122;3;366;United States;Kajabi;Email;1
3/14/2025;Maryanna;Female;Webinar: Launch Your First Course;Webinar;91;3;273;Oman;ClickFunnels;Organic Search;8
10/16/2024;Bartholomew;Male;Productivity Booster Pack;Webinar;36;1;36;Indonesia;Teachable;Facebook Ads;9
9/21/2024;Marvin;Male;Financial Tracker;Subscription;48;4;192;China;Kajabi;Email;10
2/27/2025;Davon;Male;Webinar: Launch Your First Course;Course;74;5;370;Brazil;Shopify;Paid Ads;6
08/04/2024;Oralee;Female;Content Calendar Pro;Coaching Program;48;4;192;Vietnam;Direct;YouTube;0
03/03/2025;Selia;Non-binary;AI Course for Beginners;Course;117;4;468;Philippines;Kajabi;Paid Ads;3
10/11/2024;Raimondo;Male;Project Management Toolkit;Webinar;47;1;47;Sweden;Teachable;TikTok;6
8/15/2024;Eydie;Female;Webinar: Launch Your First Course;Template;129;1;129;China;ClickFunnels;Organic Search;2
4/13/2025;Nap;Non-binary;Project Management Toolkit;E-book;105;4;420;Russia;Gumroad;YouTube;1
05/12/2025;Caldwell;Male;Productivity Booster Pack;Subscription;27;5;135;France;Kajabi;Paid Ads;9
02/02/2025;Patten;Male;Notion Second Brain;Course;98;5;490;Poland;ClickFunnels;Email;9
08/11/2024;Starlene;Genderqueer;Notion Second Brain;Course;56;2;112;Papua New Guinea;ClickFunnels;YouTube;5
06/04/2025;Fredric;Male;Habit Tracker for Creators;Coaching Program;110;5;550;Indonesia;Gumroad;TikTok;4
7/18/2024;Jacinda;Female;Masterclass: Digital Marketing;E-book;145;3;435;Tunisia;Shopify;YouTube;10
6/20/2025;Dietrich;Male;Project Management Toolkit;Coaching Program;102;5;510;Russia;Shopify;Email;3
9/23/2024;Ruben;Male;Masterclass: Digital Marketing;Subscription;105;5;525;China;Gumroad;Affiliate;1
05/02/2025;Kaile;Female;AI Course for Beginners;Subscription;76;3;228;Colombia;Teachable;Paid Ads;8
6/15/2025;Collette;Female;Ultimate Planner Hub;Template;61;4;244;Philippines;Kajabi;Organic Search;3
01/02/2025;Maris;Female;Productivity Booster Pack;Webinar;100;1;100;China;Kajabi;TikTok;5
3/31/2025;Ibby;Female;Financial Tracker;Webinar;99;4;396;Philippines;Shopify;Instagram;3
05/04/2025;Pollyanna;Female;Financial Tracker;Course;86;4;344;Vietnam;ClickFunnels;Organic Search;5
12/19/2024;Jeannine;Female;Ultimate Planner Hub;Subscription;67;1;67;Russia;ClickFunnels;Affiliate;4
5/23/2025;Millisent;Female;Webinar: Launch Your First Course;Template;84;5;420;Iran;Kajabi;Affiliate;3
1/22/2025;Dyann;Female;Notion Second Brain;Webinar;51;1;51;Russia;Teachable;Organic Search;7
2/18/2025;Terrell;Agender;Productivity Booster Pack;Template;112;5;560;Chad;Shopify;TikTok;10
10/27/2024;Octavia;Female;Masterclass: Digital Marketing;Coaching Program;118;4;472;Indonesia;Teachable;Instagram;2
05/11/2025;Avigdor;Male;Project Management Toolkit;E-book;56;3;168;Greece;Shopify;Email;4
05/08/2025;Bing;Male;Content Calendar Pro;Template;42;4;168;Mexico;Direct;Instagram;2
12/06/2024;Lishe;Female;AI Course for Beginners;E-book;58;2;116;Peru;Shopify;Affiliate;4
04/05/2025;Leelah;Female;Masterclass: Digital Marketing;Coaching Program;87;3;261;Philippines;Shopify;YouTube;5
8/26/2024;Jerrie;Male;Financial Tracker;Coaching Program;46;5;230;United States;ClickFunnels;Paid Ads;8
8/20/2024;Valeria;Female;Content Calendar Pro;Template;24;5;120;Portugal;Shopify;YouTube;9
1/23/2025;Beilul;Female;Project Management Toolkit;E-book;72;5;360;Sweden;Gumroad;Paid Ads;9
3/21/2025;Reginald;Male;Project Management Toolkit;Subscription;83;3;249;Indonesia;Direct;Facebook Ads;10
7/19/2024;Gabe;Male;Project Management Toolkit;Coaching Program;108;5;540;Ukraine;ClickFunnels;Facebook Ads;2
05/04/2025;Faye;Female;Content Calendar Pro;Subscription;128;1;128;Russia;Kajabi;Facebook Ads;5
3/25/2025;Hakim;Male;Content Calendar Pro;E-book;30;3;90;China;Teachable;Instagram;5
02/06/2025;Bendix;Male;Notion Second Brain;Webinar;103;3;309;Ukraine;Direct;Facebook Ads;1
06/05/2025;Aleksandr;Male;Habit Tracker for Creators;E-book;66;4;264;Russia;Kajabi;Email;0
12/04/2024;Horten;Male;Webinar: Launch Your First Course;Subscription;22;4;88;China;Teachable;YouTube;3
11/16/2024;Korey;Male;Project Management Toolkit;Course;23;3;69;Nigeria;Kajabi;YouTube;10
05/03/2025;Brenn;Female;Habit Tracker for Creators;Coaching Program;131;3;393;Indonesia;Direct;YouTube;7
03/09/2025;Connor;Male;Project Management Toolkit;Subscription;87;2;174;Ireland;Gumroad;Paid Ads;5
9/20/2024;Gardener;Male;Webinar: Launch Your First Course;Coaching Program;41;3;123;Poland;Shopify;Email;7
04/12/2025;Dania;Female;Webinar: Launch Your First Course;Template;60;2;120;Serbia;Direct;Email;9
06/05/2025;Thalia;Female;Financial Tracker;Template;64;5;320;Czech Republic;Direct;Organic Search;3
05/03/2025;Grenville;Male;Habit Tracker for Creators;Webinar;43;5;215;China;ClickFunnels;TikTok;10
5/17/2025;Gale;Male;Notion Second Brain;Coaching Program;37;3;111;Indonesia;Shopify;Email;8
06/07/2025;Temple;Male;Productivity Booster Pack;Template;83;3;249;Portugal;Kajabi;Instagram;4
8/17/2024;Grenville;Male;Ultimate Planner Hub;Subscription;121;3;363;China;Teachable;Organic Search;3
6/22/2025;Jill;Female;Masterclass: Digital Marketing;Course;122;1;122;Sweden;Direct;Email;3
4/19/2025;Rozalin;Female;Habit Tracker for Creators;E-book;70;3;210;Ukraine;Shopify;Paid Ads;7
11/13/2024;Manuel;Male;Content Calendar Pro;Subscription;90;3;270;China;Direct;Facebook Ads;5
10/20/2024;Jobey;Female;Ultimate Planner Hub;Template;100;2;200;China;ClickFunnels;Affiliate;8
04/11/2025;Rhoda;Female;Ultimate Planner Hub;Subscription;87;4;348;China;Teachable;Affiliate;3
09/05/2024;Fionnula;Female;Content Calendar Pro;Course;63;2;126;China;Direct;Affiliate;7
6/30/2024;Letta;Female;Content Calendar Pro;Webinar;46;3;138;Norway;Teachable;Affiliate;7
1/17/2025;Kit;Male;Masterclass: Digital Marketing;Coaching Program;69;3;207;China;Shopify;YouTube;4
01/04/2025;Rowney;Male;Productivity Booster Pack;Coaching Program;48;3;144;Germany;Gumroad;TikTok;2
10/11/2024;Rosie;Non-binary;Financial Tracker;Template;33;2;66;Russia;Shopify;Email;0
11/09/2024;Minnnie;Non-binary;Content Calendar Pro;Webinar;134;5;670;Sudan;ClickFunnels;Facebook Ads;4
5/18/2025;Der;Male;Masterclass: Digital Marketing;Webinar;147;1;147;Netherlands;Kajabi;Paid Ads;1
05/06/2025;Terence;Male;Habit Tracker for Creators;Course;75;2;150;Czech Republic;Gumroad;Facebook Ads;8
3/19/2025;Enos;Male;Webinar: Launch Your First Course;Webinar;22;2;44;China;Direct;TikTok;4
01/07/2025;Katherine;Female;Content Calendar Pro;Course;118;2;236;Sweden;ClickFunnels;YouTube;3
8/13/2024;Murdoch;Male;Financial Tracker;E-book;118;2;236;Indonesia;Kajabi;Email;0
08/02/2024;Tomkin;Genderfluid;Project Management Toolkit;Webinar;67;1;67;Indonesia;Direct;Facebook Ads;0
05/04/2025;Carrissa;Female;Ultimate Planner Hub;Webinar;56;5;280;Poland;Gumroad;Facebook Ads;10
02/01/2025;Alfie;Male;Notion Second Brain;Coaching Program;31;5;155;Argentina;Teachable;YouTube;3
10/31/2024;Boy;Male;Webinar: Launch Your First Course;Coaching Program;122;4;488;Indonesia;Direct;Instagram;4
4/20/2025;Joeann;Female;Masterclass: Digital Marketing;Course;135;5;675;Russia;Teachable;Organic Search;4
02/11/2025;Garv;Male;Ultimate Planner Hub;Course;138;3;414;Thailand;Kajabi;Organic Search;4
2/17/2025;Seymour;Male;Habit Tracker for Creators;Course;21;3;63;China;ClickFunnels;Email;4
3/20/2025;Angelico;Male;Financial Tracker;Webinar;44;3;132;Indonesia;Direct;Facebook Ads;10
7/24/2024;Dorree;Female;Notion Second Brain;E-book;52;2;104;United States;Direct;Facebook Ads;3
8/28/2024;Tracey;Female;Ultimate Planner Hub;Template;88;1;88;Russia;Kajabi;Affiliate;3
1/19/2025;Bonnee;Genderqueer;Habit Tracker for Creators;Coaching Program;63;1;63;Portugal;ClickFunnels;Instagram;4
4/19/2025;Elinor;Non-binary;Productivity Booster Pack;Template;59;4;236;Dominican Republic;ClickFunnels;Instagram;2
08/05/2024;Yulma;Male;Financial Tracker;Webinar;95;4;380;Canada;Kajabi;Organic Search;10
12/26/2024;Aeriela;Genderfluid;Habit Tracker for Creators;Template;47;2;94;China;Gumroad;TikTok;7
9/29/2024;Adelle;Female;Ultimate Planner Hub;Subscription;128;1;128;Russia;Gumroad;YouTube;7
3/25/2025;Xymenes;Male;Productivity Booster Pack;Course;114;5;570;Albania;Teachable;Paid Ads;8
6/19/2025;Ailis;Female;Financial Tracker;Subscription;36;3;108;China;ClickFunnels;YouTube;3
8/29/2024;Marion;Male;Project Management Toolkit;E-book;81;3;243;Guatemala;Kajabi;Affiliate;3
11/30/2024;Maximilien;Male;Productivity Booster Pack;Coaching Program;88;4;352;China;Gumroad;Organic Search;0
12/14/2024;Katie;Female;Productivity Booster Pack;E-book;82;4;328;China;Direct;Affiliate;6
03/11/2025;Eada;Female;Masterclass: Digital Marketing;E-book;114;5;570;China;Teachable;Organic Search;2
3/30/2025;Mariquilla;Female;AI Course for Beginners;Course;123;5;615;Indonesia;Direct;TikTok;3
07/06/2024;Kaycee;Female;Ultimate Planner Hub;E-book;36;5;180;Brazil;Teachable;Organic Search;1
12/26/2024;Carlene;Female;Project Management Toolkit;Webinar;139;5;695;Portugal;Direct;Affiliate;5
11/17/2024;Elizabeth;Female;Ultimate Planner Hub;E-book;76;1;76;Central African Republic;Kajabi;Organic Search;10
07/07/2024;Arleyne;Female;Content Calendar Pro;Subscription;26;1;26;Japan;Shopify;Paid Ads;2
8/14/2024;Maryanne;Female;Ultimate Planner Hub;Subscription;140;1;140;China;Gumroad;Instagram;0
4/30/2025;Ermina;Female;Ultimate Planner Hub;Template;93;2;186;Greece;ClickFunnels;Instagram;6
12/13/2024;Herb;Male;AI Course for Beginners;Template;63;4;252;Peru;Teachable;Email;1
05/05/2025;Archaimbaud;Male;Content Calendar Pro;E-book;98;1;98;Azerbaijan;Gumroad;YouTube;2
03/07/2025;Sidonia;Female;Ultimate Planner Hub;E-book;99;2;198;China;ClickFunnels;Instagram;2
08/04/2024;Griff;Male;Productivity Booster Pack;E-book;32;2;64;Indonesia;Kajabi;TikTok;4
10/16/2024;Nichole;Female;Ultimate Planner Hub;Course;131;3;393;Indonesia;Gumroad;Organic Search;0
09/09/2024;Jessie;Genderfluid;Ultimate Planner Hub;Subscription;123;2;246;China;Gumroad;Organic Search;2
1/13/2025;Gilbert;Male;Project Management Toolkit;Template;49;3;147;Albania;Kajabi;Paid Ads;4
01/04/2025;Mervin;Male;Webinar: Launch Your First Course;Course;32;4;128;Argentina;ClickFunnels;Facebook Ads;8
04/08/2025;Nicolais;Male;Content Calendar Pro;Webinar;135;2;270;Philippines;Kajabi;Paid Ads;6
5/15/2025;Drucill;Female;Habit Tracker for Creators;Coaching Program;116;2;232;Tajikistan;Kajabi;Email;6
1/18/2025;Miller;Male;AI Course for Beginners;Template;106;2;212;Nepal;ClickFunnels;YouTube;8
01/03/2025;Zoe;Genderfluid;Notion Second Brain;Template;118;2;236;Indonesia;Direct;Paid Ads;5
9/29/2024;Nelle;Genderfluid;Ultimate Planner Hub;Coaching Program;43;5;215;Greece;ClickFunnels;Instagram;8
12/15/2024;Sammy;Male;AI Course for Beginners;Coaching Program;69;5;345;Indonesia;Teachable;Affiliate;2
04/07/2025;Karena;Female;Content Calendar Pro;Webinar;87;4;348;China;Kajabi;Facebook Ads;2
3/30/2025;Christy;Genderfluid;Project Management Toolkit;Coaching Program;118;3;354;Indonesia;Kajabi;Email;4
5/24/2025;Giacopo;Male;Ultimate Planner Hub;Coaching Program;86;4;344;Philippines;Gumroad;TikTok;7
9/14/2024;Hendrik;Male;AI Course for Beginners;Subscription;113;3;339;Democratic Republic of the Congo;Teachable;TikTok;7
10/04/2024;Dunc;Male;Productivity Booster Pack;Coaching Program;102;5;510;Canada;Shopify;YouTube;5
9/29/2024;Catina;Female;AI Course for Beginners;Course;44;2;88;Japan;ClickFunnels;Instagram;0
4/21/2025;Glori;Female;Habit Tracker for Creators;Template;144;3;432;Indonesia;Teachable;TikTok;8
5/17/2025;Sabra;Agender;Productivity Booster Pack;Course;92;2;184;Indonesia;Teachable;Affiliate;2
7/18/2024;Ardenia;Female;Notion Second Brain;Coaching Program;110;4;440;Chile;Kajabi;Instagram;7
1/16/2025;Carmita;Female;AI Course for Beginners;Template;135;2;270;China;Direct;Instagram;5
06/03/2025;Holly;Female;Webinar: Launch Your First Course;Course;39;3;117;Philippines;Direct;Email;3
2/23/2025;Muire;Female;Financial Tracker;Webinar;42;1;42;Peru;Kajabi;Email;8
12/10/2024;Torre;Genderqueer;Notion Second Brain;Subscription;29;5;145;China;Kajabi;Paid Ads;9
8/24/2024;Vinny;Male;Productivity Booster Pack;E-book;78;5;390;China;Kajabi;Affiliate;10
01/06/2025;Cyndia;Non-binary;Masterclass: Digital Marketing;Template;30;1;30;Tanzania;Gumroad;Email;2
07/01/2024;Clary;Female;Productivity Booster Pack;Template;79;2;158;China;Gumroad;YouTube;8
11/25/2024;Kelley;Female;Project Management Toolkit;Webinar;76;2;152;Portugal;Direct;Facebook Ads;6
3/16/2025;Randall;Male;Content Calendar Pro;Template;120;4;480;Portugal;Direct;Affiliate;5
11/03/2024;Benjamin;Male;Notion Second Brain;Webinar;104;5;520;China;Direct;Instagram;5
1/29/2025;Giorgi;Male;Financial Tracker;Webinar;66;3;198;Poland;Teachable;Affiliate;10
04/04/2025;Parsifal;Male;AI Course for Beginners;Subscription;92;5;460;Brazil;ClickFunnels;Paid Ads;3
10/05/2024;Vasili;Male;Notion Second Brain;Coaching Program;52;1;52;Indonesia;Shopify;Paid Ads;9
06/12/2025;Leann;Female;Productivity Booster Pack;Template;24;3;72;Russia;Direct;Organic Search;1
7/29/2024;Tommi;Female;Financial Tracker;Course;147;2;294;China;Shopify;Paid Ads;7
11/04/2024;Gerrard;Male;Content Calendar Pro;Template;66;4;264;South Korea;Kajabi;YouTube;3
1/20/2025;Carroll;Female;Financial Tracker;Template;130;2;260;China;Kajabi;Email;6
10/27/2024;Patsy;Female;Masterclass: Digital Marketing;Coaching Program;100;1;100;Philippines;Gumroad;Paid Ads;9
10/02/2024;Karlens;Agender;Notion Second Brain;Template;139;5;695;Russia;Shopify;Paid Ads;7
06/03/2025;Coop;Male;Webinar: Launch Your First Course;E-book;58;4;232;Russia;Direct;Facebook Ads;0
2/26/2025;Dorisa;Non-binary;Financial Tracker;Subscription;50;1;50;Israel;ClickFunnels;Instagram;8
2/15/2025;Gussie;Genderfluid;Habit Tracker for Creators;Template;60;2;120;Poland;Kajabi;Affiliate;1
3/23/2025;Dorella;Female;Webinar: Launch Your First Course;Subscription;112;2;224;Panama;ClickFunnels;Affiliate;1
07/12/2024;Andrus;Male;Masterclass: Digital Marketing;Webinar;75;4;300;Philippines;ClickFunnels;Facebook Ads;9
01/01/2025;Keir;Male;AI Course for Beginners;Coaching Program;74;3;222;Azerbaijan;Teachable;YouTube;7
11/25/2024;Emelita;Agender;Project Management Toolkit;Coaching Program;86;4;344;Russia;Direct;Email;8
2/17/2025;Egan;Male;Notion Second Brain;Template;91;5;455;Venezuela;Direct;Facebook Ads;2
01/06/2025;Roland;Male;AI Course for Beginners;Webinar;148;4;592;China;Shopify;Facebook Ads;10
3/20/2025;Aluin;Male;Ultimate Planner Hub;Course;75;5;375;Bangladesh;Shopify;Organic Search;5
8/17/2024;Flss;Female;Productivity Booster Pack;Webinar;74;1;74;Colombia;Kajabi;Email;7
2/25/2025;Correna;Female;Project Management Toolkit;Course;137;2;274;Russia;Kajabi;Paid Ads;7
05/02/2025;Nilson;Male;Webinar: Launch Your First Course;Webinar;134;3;402;Panama;Direct;YouTube;6
12/18/2024;Shayne;Male;Financial Tracker;Webinar;43;5;215;China;Teachable;Paid Ads;8
9/15/2024;Mable;Female;Notion Second Brain;E-book;104;4;416;Botswana;Kajabi;Organic Search;9
7/29/2024;Belicia;Female;Notion Second Brain;Course;108;3;324;Iraq;ClickFunnels;Paid Ads;9
05/11/2025;Lindi;Female;AI Course for Beginners;Template;146;3;438;Sweden;Kajabi;Paid Ads;7
12/26/2024;Arluene;Female;Ultimate Planner Hub;Webinar;74;4;296;Peru;Gumroad;Organic Search;1
1/22/2025;Bary;Male;Productivity Booster Pack;Webinar;94;1;94;Portugal;Kajabi;Affiliate;1
10/02/2024;Ange;Female;Ultimate Planner Hub;Subscription;109;4;436;Venezuela;Gumroad;TikTok;5
3/18/2025;Darla;Female;Habit Tracker for Creators;Subscription;103;4;412;Indonesia;Direct;YouTube;7
10/01/2024;Jory;Male;Content Calendar Pro;Course;63;5;315;Poland;Kajabi;Affiliate;10
12/25/2024;Patty;Male;Habit Tracker for Creators;Coaching Program;131;2;262;Indonesia;Kajabi;Organic Search;10
9/21/2024;Charlotte;Polygender;Webinar: Launch Your First Course;Course;23;3;69;China;ClickFunnels;Instagram;0
4/22/2025;Leticia;Female;AI Course for Beginners;Coaching Program;41;3;123;Nigeria;Direct;Email;3
02/06/2025;Viviana;Female;Project Management Toolkit;Template;76;2;152;Indonesia;Gumroad;TikTok;10
02/01/2025;Else;Female;Project Management Toolkit;Course;43;2;86;China;Direct;Affiliate;8
7/28/2024;Chrystel;Female;Financial Tracker;Template;113;2;226;Peru;Shopify;Instagram;4
6/15/2025;Dasi;Female;Project Management Toolkit;Webinar;99;5;495;Vietnam;Teachable;TikTok;1
5/19/2025;Alexio;Male;Content Calendar Pro;Course;123;1;123;Azerbaijan;Kajabi;Instagram;4
9/17/2024;Ad;Male;Masterclass: Digital Marketing;Coaching Program;35;3;105;Colombia;Kajabi;Paid Ads;6
9/26/2024;Ezri;Male;Ultimate Planner Hub;Course;61;5;305;Estonia;Gumroad;Facebook Ads;5
3/17/2025;Val;Male;Financial Tracker;Course;91;4;364;Israel;Shopify;Affiliate;3
12/26/2024;Donica;Polygender;Ultimate Planner Hub;E-book;26;5;130;Poland;Kajabi;Instagram;10
09/08/2024;Walden;Male;Notion Second Brain;Webinar;77;4;308;China;Kajabi;Affiliate;3
8/18/2024;Ulysses;Male;Financial Tracker;Course;100;2;200;Indonesia;Direct;Paid Ads;9
10/11/2024;Antony;Male;Content Calendar Pro;Webinar;79;2;158;Taiwan;Shopify;TikTok;4
03/01/2025;Connor;Male;Project Management Toolkit;Webinar;69;3;207;China;Teachable;Organic Search;8
7/31/2024;Scotty;Male;Webinar: Launch Your First Course;Template;137;3;411;Luxembourg;Gumroad;YouTube;7
1/25/2025;Ariel;Female;Content Calendar Pro;Subscription;98;3;294;Indonesia;Teachable;Organic Search;5
8/13/2024;Kaylil;Female;Ultimate Planner Hub;Coaching Program;113;5;565;China;Teachable;TikTok;6
10/21/2024;Helga;Female;Webinar: Launch Your First Course;E-book;58;2;116;Germany;Kajabi;Affiliate;3
4/13/2025;Cortney;Female;Webinar: Launch Your First Course;Subscription;103;2;206;Indonesia;Kajabi;Paid Ads;4
2/21/2025;Allyson;Female;Masterclass: Digital Marketing;Webinar;144;4;576;Sweden;ClickFunnels;Organic Search;6
01/05/2025;Alberik;Male;Habit Tracker for Creators;Template;121;5;605;Colombia;Shopify;Email;7
03/08/2025;Ryley;Male;Webinar: Launch Your First Course;E-book;115;2;230;Netherlands;Gumroad;TikTok;10
06/08/2025;Orv;Polygender;Masterclass: Digital Marketing;Course;144;2;288;Russia;Kajabi;TikTok;7
11/09/2024;Lucian;Male;Ultimate Planner Hub;Webinar;50;1;50;China;Shopify;Organic Search;0
4/21/2025;Karna;Female;Notion Second Brain;Webinar;102;1;102;China;Direct;Organic Search;5
2/20/2025;Dav;Male;Content Calendar Pro;Coaching Program;131;3;393;El Salvador;Shopify;Email;7
8/22/2024;Zacharia;Male;Notion Second Brain;Course;29;3;87;United States;Gumroad;Email;1
03/09/2025;Thain;Male;Productivity Booster Pack;Webinar;75;1;75;China;Teachable;Facebook Ads;2
05/01/2025;Titus;Genderfluid;AI Course for Beginners;Course;38;1;38;China;Direct;Facebook Ads;4
08/01/2024;Otes;Male;Ultimate Planner Hub;Coaching Program;61;3;183;Sweden;ClickFunnels;Facebook Ads;3
09/08/2024;Gwyneth;Female;Project Management Toolkit;Webinar;76;3;228;Czech Republic;Shopify;Email;8
10/04/2024;William;Male;Project Management Toolkit;Webinar;121;2;242;Philippines;Direct;Facebook Ads;8
04/05/2025;Elias;Male;Productivity Booster Pack;Coaching Program;87;1;87;Brazil;Teachable;Instagram;5
12/08/2024;Mordy;Male;Habit Tracker for Creators;Subscription;33;4;132;China;Teachable;Paid Ads;4
09/08/2024;Valentine;Male;Notion Second Brain;Subscription;45;4;180;Portugal;Kajabi;Facebook Ads;0
07/04/2024;Olia;Female;Webinar: Launch Your First Course;Subscription;133;3;399;China;ClickFunnels;Organic Search;10
06/02/2025;Karol;Female;AI Course for Beginners;Course;113;1;113;Indonesia;Shopify;TikTok;0
04/02/2025;Andres;Genderfluid;Notion Second Brain;Webinar;125;1;125;Russia;Kajabi;Paid Ads;10
02/10/2025;Gayler;Male;Financial Tracker;Template;131;4;524;France;Shopify;Organic Search;5
09/06/2024;Julina;Female;Webinar: Launch Your First Course;Webinar;33;5;165;Israel;Kajabi;Organic Search;7
12/07/2024;Randi;Male;Webinar: Launch Your First Course;E-book;110;5;550;Ivory Coast;Gumroad;YouTube;9
2/27/2025;Junette;Female;Masterclass: Digital Marketing;Coaching Program;145;4;580;China;Kajabi;Email;5
10/11/2024;Brad;Male;Project Management Toolkit;Coaching Program;146;3;438;Sweden;Direct;YouTube;0
11/24/2024;Rosamond;Female;Financial Tracker;Coaching Program;147;3;441;Russia;Kajabi;Paid Ads;9
10/05/2024;Lamond;Male;Financial Tracker;Coaching Program;108;3;324;Russia;Kajabi;TikTok;9
7/31/2024;Olav;Male;Ultimate Planner Hub;Coaching Program;39;2;78;Portugal;Direct;Paid Ads;9
04/12/2025;Wilhelm;Male;Habit Tracker for Creators;E-book;130;2;260;Indonesia;Kajabi;YouTube;8
04/10/2025;Gerhard;Genderqueer;AI Course for Beginners;Webinar;130;3;390;Comoros;Kajabi;TikTok;8
10/30/2024;Kerr;Male;Ultimate Planner Hub;Template;131;2;262;Albania;Direct;Paid Ads;9
02/03/2025;Toiboid;Male;Webinar: Launch Your First Course;Template;118;3;354;United States;Teachable;Affiliate;1
4/13/2025;Knox;Male;Content Calendar Pro;Template;94;5;470;China;Direct;YouTube;5
8/26/2024;Bartie;Male;Productivity Booster Pack;Webinar;53;2;106;Brazil;Shopify;YouTube;3
08/01/2024;Nicki;Female;Webinar: Launch Your First Course;E-book;90;4;360;Philippines;Gumroad;TikTok;8
12/08/2024;Waldon;Male;Project Management Toolkit;Coaching Program;133;4;532;Madagascar;Direct;YouTube;8
3/25/2025;Nev;Male;Content Calendar Pro;Template;108;1;108;Serbia;Direct;Instagram;5
02/05/2025;Clarinda;Female;Content Calendar Pro;Coaching Program;139;4;556;Brazil;Teachable;Instagram;9
5/16/2025;Sarah;Female;Webinar: Launch Your First Course;E-book;97;1;97;Indonesia;Teachable;Organic Search;10
3/24/2025;Krystle;Female;Productivity Booster Pack;E-book;142;2;284;Japan;Gumroad;Affiliate;5
4/15/2025;Zulema;Female;Content Calendar Pro;Webinar;89;1;89;Jordan;Direct;Instagram;8
3/21/2025;Pattie;Male;Notion Second Brain;Webinar;70;1;70;United States;ClickFunnels;Email;1
1/26/2025;Albertina;Female;Productivity Booster Pack;Subscription;99;2;198;Indonesia;ClickFunnels;YouTube;1
7/30/2024;Riannon;Female;Webinar: Launch Your First Course;Webinar;76;1;76;Greece;Shopify;Paid Ads;5
3/27/2025;Marillin;Female;Content Calendar Pro;Subscription;22;4;88;Indonesia;Gumroad;Facebook Ads;4
11/28/2024;Burgess;Male;Content Calendar Pro;Webinar;78;1;78;Colombia;Gumroad;Instagram;3
05/12/2025;Fayth;Female;Ultimate Planner Hub;Webinar;70;1;70;Sweden;ClickFunnels;Email;10
6/13/2025;Audy;Genderfluid;Habit Tracker for Creators;Course;29;4;116;Indonesia;Shopify;YouTube;5
10/03/2024;Heddi;Female;Webinar: Launch Your First Course;Subscription;81;4;324;Poland;Kajabi;Affiliate;10
01/06/2025;Corry;Female;Content Calendar Pro;Subscription;39;1;39;China;Kajabi;Paid Ads;1
8/30/2024;Derry;Male;Masterclass: Digital Marketing;Coaching Program;145;2;290;Kazakhstan;Gumroad;TikTok;10
07/08/2024;Cyndia;Female;Productivity Booster Pack;E-book;73;4;292;Ecuador;Gumroad;Facebook Ads;9
02/08/2025;Reagan;Male;AI Course for Beginners;Coaching Program;111;3;333;China;ClickFunnels;TikTok;9
06/08/2025;Freddy;Female;Webinar: Launch Your First Course;Coaching Program;28;1;28;Bhutan;Teachable;YouTube;3
01/09/2025;Caro;Female;Ultimate Planner Hub;Coaching Program;134;5;670;Poland;Direct;Email;7
05/12/2025;Jemie;Female;Content Calendar Pro;Subscription;33;3;99;Indonesia;Gumroad;Facebook Ads;5
10/02/2024;Karl;Genderqueer;AI Course for Beginners;Subscription;90;2;180;Argentina;ClickFunnels;Email;9
01/12/2025;Kelley;Female;Webinar: Launch Your First Course;E-book;44;3;132;Somalia;Gumroad;Email;9
09/07/2024;Bartolomeo;Male;Masterclass: Digital Marketing;Template;90;3;270;Ivory Coast;Kajabi;TikTok;9
10/07/2024;Boniface;Male;Masterclass: Digital Marketing;Course;74;1;74;Israel;Shopify;Email;4
7/17/2024;Lacy;Genderfluid;Content Calendar Pro;Course;81;5;405;China;Direct;Affiliate;8
3/20/2025;Yank;Male;Productivity Booster Pack;Course;65;4;260;Netherlands;Gumroad;Affiliate;3
6/24/2025;Brooks;Female;Project Management Toolkit;Subscription;85;4;340;Philippines;Teachable;Affiliate;5
1/18/2025;Helen;Female;Webinar: Launch Your First Course;Course;59;5;295;Haiti;Shopify;Affiliate;1
4/16/2025;Sophey;Female;Project Management Toolkit;Coaching Program;27;4;108;United States;Kajabi;Organic Search;1
5/27/2025;Saunderson;Agender;Webinar: Launch Your First Course;Template;127;1;127;Philippines;Kajabi;Email;9
07/07/2024;Giorgi;Male;Habit Tracker for Creators;Webinar;139;5;695;Canada;Teachable;Facebook Ads;1
12/03/2024;Tandi;Female;Productivity Booster Pack;E-book;144;4;576;China;Kajabi;TikTok;9
10/21/2024;Raynard;Male;Project Management Toolkit;Subscription;70;5;350;Vietnam;Kajabi;Organic Search;7
01/06/2025;Adore;Female;Content Calendar Pro;Course;127;2;254;Canada;Kajabi;Facebook Ads;7
5/22/2025;Cointon;Male;Webinar: Launch Your First Course;Course;149;1;149;South Africa;ClickFunnels;Organic Search;8
9/18/2024;Mollie;Female;Masterclass: Digital Marketing;Webinar;117;3;351;China;Teachable;Affiliate;3
03/05/2025;Lorin;Male;Habit Tracker for Creators;Webinar;55;5;275;Czech Republic;Gumroad;YouTube;2
1/14/2025;Jocelin;Female;Notion Second Brain;E-book;66;4;264;Uruguay;Teachable;TikTok;9
12/04/2024;Kearney;Male;Habit Tracker for Creators;Coaching Program;29;3;87;United States;ClickFunnels;Email;2
04/06/2025;Nevsa;Female;AI Course for Beginners;Subscription;101;3;303;Poland;Kajabi;Instagram;7
8/28/2024;Lulita;Female;Habit Tracker for Creators;Template;148;2;296;Lesotho;ClickFunnels;YouTube;5
04/03/2025;Bobbye;Female;Content Calendar Pro;E-book;52;3;156;Jamaica;Teachable;Instagram;6
1/20/2025;Evin;Male;Webinar: Launch Your First Course;Webinar;83;4;332;El Salvador;ClickFunnels;Organic Search;5
6/24/2025;Ferdy;Male;Content Calendar Pro;Template;75;5;375;China;Direct;Instagram;0
9/23/2024;Stanislaus;Male;Content Calendar Pro;E-book;105;5;525;China;Kajabi;Facebook Ads;6
02/07/2025;Roscoe;Male;Habit Tracker for Creators;E-book;93;3;279;Canada;Shopify;Instagram;8
07/07/2024;Ginger;Female;Habit Tracker for Creators;Course;51;1;51;United States;ClickFunnels;Paid Ads;10
10/21/2024;Carline;Agender;AI Course for Beginners;Template;29;2;58;China;Kajabi;Email;5
10/26/2024;Lucine;Female;Habit Tracker for Creators;Coaching Program;66;5;330;Russia;Shopify;Facebook Ads;0
12/05/2024;Domenico;Male;Content Calendar Pro;Template;105;3;315;Philippines;ClickFunnels;Organic Search;0
04/04/2025;Zachery;Genderqueer;Notion Second Brain;Coaching Program;62;4;248;China;Teachable;TikTok;0
04/03/2025;Elaine;Female;Masterclass: Digital Marketing;Course;144;2;288;Indonesia;Kajabi;Instagram;7
06/07/2025;Abelard;Male;Webinar: Launch Your First Course;Webinar;28;5;140;Peru;Gumroad;Email;10
12/30/2024;Laurene;Female;Ultimate Planner Hub;Coaching Program;40;5;200;France;ClickFunnels;TikTok;2
07/01/2024;Kimbell;Male;Notion Second Brain;Coaching Program;62;2;124;France;Gumroad;Paid Ads;2
06/12/2025;Kaleb;Male;Ultimate Planner Hub;Coaching Program;88;4;352;Japan;Shopify;Affiliate;9
02/12/2025;Valery;Female;Project Management Toolkit;Template;47;3;141;China;Kajabi;Instagram;10
11/01/2024;Albertine;Female;Habit Tracker for Creators;Subscription;147;2;294;United States;Shopify;Affiliate;9
10/12/2024;Bill;Female;Notion Second Brain;Template;105;3;315;France;Direct;Organic Search;6
07/02/2024;Marcellus;Male;Project Management Toolkit;Course;68;4;272;Mali;Direct;Email;9
04/05/2025;Jacinthe;Female;Financial Tracker;Webinar;145;1;145;Sweden;ClickFunnels;TikTok;1
5/31/2025;Leroy;Male;Habit Tracker for Creators;Course;41;2;82;South Sudan;ClickFunnels;Facebook Ads;6
09/11/2024;Reinhard;Male;AI Course for Beginners;Coaching Program;106;4;424;Nepal;Gumroad;Organic Search;10
5/21/2025;Reilly;Male;Notion Second Brain;Course;144;4;576;China;Direct;Affiliate;9
04/05/2025;Jackelyn;Female;Notion Second Brain;Coaching Program;51;5;255;Brazil;Shopify;Email;2
8/21/2024;Harland;Male;Project Management Toolkit;Webinar;86;5;430;Ireland;Kajabi;Instagram;9
4/27/2025;Ignacio;Male;Ultimate Planner Hub;Subscription;112;3;336;Pakistan;Kajabi;Email;7
02/06/2025;Hestia;Female;Project Management Toolkit;E-book;79;2;158;Brazil;Gumroad;TikTok;6
1/25/2025;Peadar;Male;Habit Tracker for Creators;Subscription;140;1;140;China;Gumroad;Organic Search;3
08/03/2024;Randi;Female;Financial Tracker;E-book;28;1;28;Portugal;Kajabi;Organic Search;5
07/05/2024;Dudley;Male;Productivity Booster Pack;Coaching Program;111;5;555;Indonesia;Direct;Paid Ads;5
05/04/2025;Tomkin;Male;Financial Tracker;Template;111;2;222;Venezuela;Direct;Paid Ads;7
10/23/2024;Quintus;Male;Content Calendar Pro;Template;27;3;81;Pakistan;Shopify;TikTok;5
1/15/2025;Donnie;Male;Productivity Booster Pack;Coaching Program;92;5;460;Bahamas;ClickFunnels;YouTube;1
11/28/2024;Lutero;Male;Financial Tracker;Course;21;3;63;Canada;Direct;Organic Search;3
4/18/2025;Rustin;Male;Notion Second Brain;Coaching Program;146;2;292;Indonesia;Teachable;YouTube;5
5/24/2025;Kaspar;Male;Project Management Toolkit;Template;130;3;390;China;Teachable;Organic Search;3
6/16/2025;Sheba;Female;Financial Tracker;Webinar;56;5;280;Bahrain;Gumroad;Facebook Ads;3
03/12/2025;Shepperd;Non-binary;Webinar: Launch Your First Course;Course;122;5;610;Albania;ClickFunnels;Organic Search;6
7/21/2024;Nicki;Female;Notion Second Brain;E-book;58;5;290;Bhutan;Direct;Affiliate;8
7/13/2024;Drucill;Female;Project Management Toolkit;Course;87;2;174;Sweden;ClickFunnels;Paid Ads;6
9/19/2024;Zollie;Male;Productivity Booster Pack;Course;122;5;610;United States;Shopify;Instagram;4
06/02/2025;Hyman;Male;Webinar: Launch Your First Course;Subscription;39;4;156;China;Teachable;Affiliate;7
08/01/2024;Merola;Female;Webinar: Launch Your First Course;Template;144;4;576;United States;Shopify;Email;8
03/12/2025;Star;Female;Content Calendar Pro;Template;86;2;172;Nigeria;Shopify;TikTok;7
11/13/2024;Charity;Female;Ultimate Planner Hub;E-book;55;1;55;Cocos Islands;Shopify;Instagram;4
11/15/2024;Lilias;Female;Ultimate Planner Hub;Template;78;1;78;Mali;Gumroad;Affiliate;10
10/07/2024;Peggi;Female;Content Calendar Pro;E-book;100;5;500;France;Shopify;YouTube;2
11/28/2024;Sylvan;Male;Webinar: Launch Your First Course;Course;33;1;33;Albania;Direct;TikTok;0
06/07/2025;Smith;Male;AI Course for Beginners;Template;36;4;144;Indonesia;Teachable;Affiliate;10
02/03/2025;George;Male;Webinar: Launch Your First Course;Webinar;86;5;430;Ecuador;Gumroad;Affiliate;6
4/20/2025;Chrissie;Agender;Financial Tracker;Coaching Program;90;2;180;China;ClickFunnels;Facebook Ads;4
3/26/2025;Tania;Female;Productivity Booster Pack;Coaching Program;129;1;129;Philippines;Shopify;YouTube;0
11/22/2024;Kitty;Female;Habit Tracker for Creators;Webinar;80;4;320;United States;Teachable;Affiliate;6
04/12/2025;Eryn;Female;Masterclass: Digital Marketing;E-book;83;3;249;Japan;Teachable;Instagram;10
05/08/2025;Dorette;Female;Webinar: Launch Your First Course;Course;113;1;113;Kenya;Teachable;Affiliate;0
9/20/2024;Skippie;Male;Webinar: Launch Your First Course;Webinar;43;3;129;Indonesia;Gumroad;Facebook Ads;0
9/19/2024;Judi;Female;Ultimate Planner Hub;Subscription;59;4;236;China;Shopify;Affiliate;2
9/25/2024;Demott;Male;Masterclass: Digital Marketing;Subscription;30;3;90;Colombia;Gumroad;Instagram;10
01/02/2025;Chas;Male;Masterclass: Digital Marketing;Course;83;2;166;China;Direct;Instagram;7
3/18/2025;Cheryl;Polygender;Ultimate Planner Hub;Template;96;1;96;Russia;Teachable;Email;9
9/25/2024;Dyane;Bigender;Masterclass: Digital Marketing;E-book;75;5;375;Czech Republic;Shopify;Instagram;6
2/19/2025;Karil;Female;Webinar: Launch Your First Course;Coaching Program;124;5;620;Afghanistan;Teachable;Instagram;8
7/16/2024;Putnam;Male;Productivity Booster Pack;Subscription;49;4;196;China;Shopify;Facebook Ads;4
11/19/2024;Timmie;Male;Notion Second Brain;Subscription;114;4;456;Egypt;Kajabi;Instagram;0
09/02/2024;Jdavie;Male;Masterclass: Digital Marketing;Template;146;4;584;Portugal;ClickFunnels;Paid Ads;8
6/21/2025;Gretta;Female;Productivity Booster Pack;E-book;142;3;426;Bosnia and Herzegovina;Kajabi;Affiliate;7
01/09/2025;Wye;Male;Project Management Toolkit;Course;116;4;464;Ukraine;Kajabi;Affiliate;1
01/06/2025;Lynea;Female;Project Management Toolkit;Course;137;3;411;Ivory Coast;Gumroad;Instagram;4
06/12/2025;Abdul;Genderfluid;Habit Tracker for Creators;Template;40;5;200;Indonesia;Teachable;Facebook Ads;1
11/29/2024;Courtney;Female;Productivity Booster Pack;Coaching Program;145;1;145;Bangladesh;ClickFunnels;YouTube;5
09/10/2024;Bone;Male;Masterclass: Digital Marketing;Coaching Program;91;5;455;Thailand;Gumroad;TikTok;2
4/27/2025;Tamra;Female;Notion Second Brain;Coaching Program;75;1;75;Philippines;Gumroad;Instagram;6
11/18/2024;Kerr;Male;Masterclass: Digital Marketing;E-book;26;3;78;Czech Republic;Shopify;TikTok;4
10/11/2024;Kym;Female;Financial Tracker;Course;51;2;102;Indonesia;Shopify;Email;5
07/01/2024;Anne;Female;AI Course for Beginners;E-book;116;3;348;China;ClickFunnels;Organic Search;3
12/16/2024;Kathi;Female;Notion Second Brain;E-book;59;3;177;Czech Republic;Direct;Affiliate;1
10/09/2024;Cally;Female;Project Management Toolkit;E-book;21;3;63;Iran;Direct;Instagram;0
9/13/2024;Guinna;Bigender;Project Management Toolkit;Webinar;88;2;176;Russia;Direct;YouTube;5
5/30/2025;Emmalee;Female;Productivity Booster Pack;E-book;73;5;365;Philippines;ClickFunnels;Facebook Ads;2
6/30/2024;Sybil;Polygender;AI Course for Beginners;Webinar;96;5;480;Serbia;Gumroad;Paid Ads;10
10/06/2024;Tallie;Female;Project Management Toolkit;Course;45;5;225;Japan;Direct;Email;4
06/06/2025;Kristal;Female;AI Course for Beginners;Coaching Program;136;1;136;Mexico;Kajabi;Affiliate;2
04/04/2025;Wandie;Female;Ultimate Planner Hub;Webinar;37;5;185;China;ClickFunnels;Email;8
4/28/2025;Dov;Male;Habit Tracker for Creators;E-book;32;4;128;Vietnam;Teachable;TikTok;10
8/26/2024;Elihu;Male;Productivity Booster Pack;Subscription;113;5;565;Norway;Gumroad;TikTok;9
9/17/2024;Evvy;Female;Project Management Toolkit;Course;84;2;168;Indonesia;Direct;TikTok;9
12/21/2024;Rory;Female;Masterclass: Digital Marketing;Course;66;1;66;Serbia;Gumroad;Facebook Ads;3
01/09/2025;Yank;Male;Ultimate Planner Hub;Coaching Program;133;1;133;Ireland;Shopify;Organic Search;7
5/22/2025;Roddy;Male;Masterclass: Digital Marketing;Webinar;74;1;74;Mexico;Teachable;YouTube;9
9/21/2024;Carri;Female;Habit Tracker for Creators;Course;131;5;655;Indonesia;Direct;Instagram;7
10/21/2024;Troy;Male;Notion Second Brain;Coaching Program;128;1;128;Czech Republic;Direct;Affiliate;4
5/22/2025;Ash;Male;Webinar: Launch Your First Course;Webinar;50;1;50;China;Gumroad;Organic Search;10
8/23/2024;Aldric;Male;Webinar: Launch Your First Course;Coaching Program;51;5;255;China;Shopify;Affiliate;2
11/10/2024;Jodi;Female;Ultimate Planner Hub;E-book;95;3;285;Colombia;Teachable;Instagram;7
2/24/2025;Karna;Female;Content Calendar Pro;Course;140;3;420;Ireland;Teachable;Paid Ads;9
7/22/2024;Shirl;Female;AI Course for Beginners;Course;57;2;114;Malawi;Gumroad;Affiliate;4
07/02/2024;Dolph;Male;Content Calendar Pro;Course;33;5;165;China;ClickFunnels;Email;10
4/28/2025;Merralee;Female;AI Course for Beginners;Template;92;5;460;China;Shopify;TikTok;0
04/09/2025;Sammy;Female;Notion Second Brain;E-book;144;3;432;Poland;Teachable;Email;2
5/31/2025;Heinrik;Male;Content Calendar Pro;Subscription;42;2;84;Indonesia;Shopify;YouTube;8
9/22/2024;Brandy;Male;Masterclass: Digital Marketing;Template;133;5;665;Philippines;Shopify;Affiliate;5
07/04/2024;Bennie;Female;Productivity Booster Pack;Template;48;3;144;Panama;Shopify;Email;6
04/03/2025;Lila;Female;Habit Tracker for Creators;E-book;54;4;216;Greece;Teachable;Affiliate;4
4/30/2025;Tarah;Female;Masterclass: Digital Marketing;Coaching Program;132;2;264;Philippines;ClickFunnels;Instagram;2
5/29/2025;Jorgan;Male;Notion Second Brain;Course;40;1;40;Poland;Gumroad;TikTok;5
3/17/2025;Filippa;Female;Ultimate Planner Hub;E-book;50;2;100;Ukraine;ClickFunnels;Instagram;0
1/24/2025;Scot;Male;AI Course for Beginners;Course;36;5;180;Afghanistan;Teachable;TikTok;8
7/27/2024;Sissie;Agender;Productivity Booster Pack;Course;92;4;368;China;Kajabi;Instagram;6
2/22/2025;Issiah;Male;Masterclass: Digital Marketing;Course;65;3;195;Poland;Shopify;Affiliate;8
10/04/2024;Horst;Male;Financial Tracker;Template;56;4;224;France;ClickFunnels;TikTok;4
9/28/2024;Claude;Female;Habit Tracker for Creators;Webinar;46;2;92;Czech Republic;Teachable;Organic Search;7
3/24/2025;Teresita;Female;Notion Second Brain;Coaching Program;117;3;351;Indonesia;Teachable;Affiliate;0
01/09/2025;Leonardo;Male;AI Course for Beginners;Webinar;54;3;162;Indonesia;Kajabi;Facebook Ads;1
9/30/2024;Binky;Male;Notion Second Brain;Webinar;87;1;87;Russia;Direct;TikTok;0
8/15/2024;Ignaz;Male;Content Calendar Pro;Template;111;3;333;San Marino;ClickFunnels;Organic Search;1
7/28/2024;Dalli;Male;Habit Tracker for Creators;Course;39;4;156;Iran;Direct;YouTube;1
4/13/2025;Tanner;Male;Ultimate Planner Hub;Coaching Program;69;5;345;Indonesia;Shopify;TikTok;7
02/06/2025;Laverna;Female;Notion Second Brain;Course;36;5;180;Indonesia;ClickFunnels;Affiliate;6
6/21/2025;Raynard;Male;Notion Second Brain;Template;94;5;470;Russia;Teachable;YouTube;6
10/26/2024;Pennie;Male;Webinar: Launch Your First Course;Template;48;5;240;China;Teachable;Email;7
3/21/2025;Stearn;Male;Content Calendar Pro;Webinar;70;5;350;Somalia;Direct;Facebook Ads;8
5/24/2025;Nance;Female;Financial Tracker;E-book;41;2;82;France;Direct;TikTok;4
10/11/2024;Ricky;Male;Financial Tracker;Course;109;1;109;Ireland;ClickFunnels;Facebook Ads;2
2/21/2025;Gregor;Male;Content Calendar Pro;Subscription;135;4;540;Portugal;Direct;Email;1
06/09/2025;Esme;Male;Project Management Toolkit;Template;126;1;126;Slovenia;Shopify;YouTube;8
12/22/2024;Meredeth;Male;Masterclass: Digital Marketing;Webinar;27;1;27;China;Gumroad;Paid Ads;5
10/24/2024;Rey;Male;Content Calendar Pro;Webinar;52;2;104;Haiti;Kajabi;YouTube;6
08/12/2024;Marietta;Female;Ultimate Planner Hub;Template;35;4;140;China;Teachable;Email;7
7/18/2024;Lorilyn;Female;Financial Tracker;Webinar;75;4;300;Brazil;Direct;Affiliate;3
06/06/2025;Biddy;Female;Notion Second Brain;E-book;103;3;309;Croatia;Teachable;Facebook Ads;6
10/19/2024;Doll;Female;Masterclass: Digital Marketing;Subscription;39;3;117;Armenia;Gumroad;Paid Ads;1
3/20/2025;Alain;Male;Content Calendar Pro;Coaching Program;40;4;160;China;Gumroad;Email;10
9/16/2024;Claudell;Male;Content Calendar Pro;Webinar;148;4;592;Central African Republic;Gumroad;Organic Search;4
2/17/2025;Xavier;Male;Masterclass: Digital Marketing;E-book;27;3;81;Chile;Gumroad;Affiliate;7
04/07/2025;Marcie;Female;Project Management Toolkit;Subscription;104;2;208;Guinea;Shopify;Facebook Ads;9
02/03/2025;Iggie;Male;Content Calendar Pro;Subscription;23;1;23;South Africa;Gumroad;Organic Search;9
12/29/2024;Emylee;Female;Habit Tracker for Creators;Course;83;5;415;Panama;Gumroad;Paid Ads;1
3/18/2025;Aigneis;Female;Content Calendar Pro;Subscription;89;1;89;Malaysia;Kajabi;Instagram;4
10/04/2024;Guy;Male;Project Management Toolkit;Course;38;2;76;Sweden;Shopify;Email;8
01/11/2025;Teddy;Female;AI Course for Beginners;Coaching Program;145;5;725;Ukraine;Gumroad;Email;3
07/07/2024;Meade;Male;Habit Tracker for Creators;E-book;115;2;230;Mayotte;ClickFunnels;TikTok;1
09/09/2024;Jerry;Agender;Masterclass: Digital Marketing;Template;76;1;76;Brazil;Shopify;Email;0
11/25/2024;Dedra;Female;Content Calendar Pro;Webinar;98;1;98;Indonesia;Direct;Paid Ads;4
6/19/2025;Egon;Male;Financial Tracker;Template;116;2;232;Philippines;ClickFunnels;Facebook Ads;1
4/13/2025;Leisha;Female;Masterclass: Digital Marketing;Template;137;2;274;Russia;Shopify;Organic Search;7
12/17/2024;Sissie;Female;Notion Second Brain;E-book;88;4;352;Russia;ClickFunnels;TikTok;4
12/28/2024;Linoel;Male;Content Calendar Pro;Subscription;130;4;520;Ecuador;Direct;TikTok;10
3/25/2025;Toddy;Male;Webinar: Launch Your First Course;Template;86;1;86;Philippines;Shopify;Paid Ads;9
10/27/2024;Carmita;Female;AI Course for Beginners;Webinar;58;1;58;Slovenia;Shopify;Paid Ads;9
09/03/2024;Susannah;Female;AI Course for Beginners;E-book;44;1;44;Mexico;Teachable;Paid Ads;6
8/24/2024;Isa;Male;Masterclass: Digital Marketing;Template;91;1;91;Portugal;ClickFunnels;Organic Search;8
04/01/2025;Jemima;Female;Ultimate Planner Hub;Course;21;2;42;Trinidad and Tobago;Kajabi;Email;1
09/08/2024;Karin;Female;Notion Second Brain;Webinar;37;2;74;China;Shopify;Organic Search;5
7/29/2024;Vasilis;Bigender;Masterclass: Digital Marketing;E-book;130;1;130;Indonesia;Gumroad;Affiliate;4
04/04/2025;Pauline;Female;Financial Tracker;E-book;120;5;600;Tanzania;Teachable;Facebook Ads;2
03/05/2025;Melinde;Female;Masterclass: Digital Marketing;Coaching Program;42;2;84;France;Gumroad;YouTube;8
12/02/2024;Jacquie;Female;AI Course for Beginners;Coaching Program;85;3;255;South Africa;Teachable;Facebook Ads;0
8/23/2024;Christine;Polygender;Notion Second Brain;Coaching Program;66;1;66;Guatemala;Teachable;Email;0
03/06/2025;Kearney;Male;Project Management Toolkit;Template;123;4;492;China;ClickFunnels;TikTok;8
08/01/2024;Eldridge;Male;Ultimate Planner Hub;Subscription;28;2;56;China;Teachable;Affiliate;8
10/26/2024;Kathi;Female;Notion Second Brain;Subscription;51;2;102;France;Teachable;Affiliate;4
10/19/2024;Frants;Non-binary;Productivity Booster Pack;E-book;54;2;108;Indonesia;Gumroad;Instagram;10
12/31/2024;Jessalin;Female;Financial Tracker;Course;70;3;210;South Africa;ClickFunnels;Paid Ads;1
12/24/2024;Gale;Male;Notion Second Brain;E-book;50;3;150;Philippines;Teachable;Paid Ads;2
01/04/2025;Wat;Male;Project Management Toolkit;E-book;61;3;183;China;Direct;Organic Search;8
03/08/2025;Darnall;Male;Webinar: Launch Your First Course;Coaching Program;149;2;298;Poland;Direct;Organic Search;5
4/23/2025;Mignon;Female;AI Course for Beginners;E-book;141;2;282;China;Gumroad;TikTok;8
05/10/2025;Husein;Male;Ultimate Planner Hub;Webinar;113;5;565;Japan;Direct;Facebook Ads;0
04/07/2025;Jarret;Male;Masterclass: Digital Marketing;Template;75;3;225;France;ClickFunnels;Facebook Ads;8
7/31/2024;Malinde;Female;Financial Tracker;E-book;94;4;376;El Salvador;Kajabi;Affiliate;2
8/20/2024;Vinny;Male;Ultimate Planner Hub;E-book;90;1;90;South Africa;Gumroad;Paid Ads;3
08/02/2024;Pam;Female;Content Calendar Pro;Subscription;122;2;244;Sweden;Gumroad;TikTok;0
8/13/2024;Arnaldo;Male;Masterclass: Digital Marketing;Subscription;101;5;505;China;Shopify;YouTube;6
5/23/2025;Annette;Female;Productivity Booster Pack;Template;130;4;520;Argentina;Teachable;Facebook Ads;8
10/04/2024;Pierson;Male;Project Management Toolkit;Template;39;5;195;China;Gumroad;Facebook Ads;4
08/04/2024;Lorianne;Polygender;AI Course for Beginners;E-book;46;5;230;Russia;Direct;Affiliate;10
02/01/2025;Ingaberg;Female;Webinar: Launch Your First Course;Webinar;95;5;475;China;Teachable;TikTok;5
12/20/2024;Minetta;Female;Ultimate Planner Hub;Subscription;56;3;168;Philippines;Shopify;TikTok;1
11/16/2024;Normie;Male;Masterclass: Digital Marketing;Subscription;148;5;740;Tanzania;Gumroad;Paid Ads;1
12/20/2024;Gabie;Male;Masterclass: Digital Marketing;Subscription;103;5;515;Indonesia;Direct;Instagram;4
03/01/2025;Doretta;Female;Productivity Booster Pack;Webinar;51;3;153;France;Gumroad;Organic Search;8
5/19/2025;Gus;Male;Content Calendar Pro;Coaching Program;102;1;102;Tunisia;Shopify;Paid Ads;2
3/13/2025;Nelle;Female;Habit Tracker for Creators;Template;39;1;39;Afghanistan;Gumroad;Organic Search;9
10/15/2024;Urban;Male;Content Calendar Pro;Coaching Program;123;1;123;Belarus;Teachable;Facebook Ads;7
2/15/2025;Archer;Male;Project Management Toolkit;Course;31;1;31;Syria;Direct;Paid Ads;7
3/20/2025;Estrellita;Female;Masterclass: Digital Marketing;Template;131;1;131;Indonesia;Gumroad;Instagram;10
1/18/2025;Devlin;Male;Productivity Booster Pack;Template;34;3;102;Indonesia;Kajabi;YouTube;7
8/23/2024;Shalom;Male;Productivity Booster Pack;Webinar;112;4;448;Armenia;Direct;Email;1
09/06/2024;Abbe;Female;Notion Second Brain;Template;107;1;107;Indonesia;Gumroad;Affiliate;0
3/21/2025;Bucky;Male;Ultimate Planner Hub;Coaching Program;36;4;144;United States;Shopify;Affiliate;2
12/23/2024;Joel;Male;Habit Tracker for Creators;Subscription;141;3;423;Indonesia;Shopify;Organic Search;8
2/17/2025;Kristin;Female;Notion Second Brain;Template;66;2;132;Indonesia;Direct;Email;0
2/23/2025;Yehudit;Male;Financial Tracker;E-book;29;3;87;Indonesia;Teachable;Affiliate;0
3/26/2025;Blinni;Female;Financial Tracker;E-book;97;4;388;Colombia;Direct;Affiliate;10
2/20/2025;Sapphire;Female;Habit Tracker for Creators;E-book;82;5;410;China;Shopify;Facebook Ads;5
08/01/2024;Ilka;Female;Financial Tracker;Subscription;70;5;350;Czech Republic;Kajabi;Organic Search;4
12/19/2024;Dan;Male;Webinar: Launch Your First Course;Course;72;1;72;Myanmar;Direct;Email;2
04/10/2025;Oriana;Female;Ultimate Planner Hub;Subscription;143;5;715;Armenia;ClickFunnels;Facebook Ads;8
04/04/2025;Giacobo;Male;Masterclass: Digital Marketing;Coaching Program;32;2;64;Netherlands;Kajabi;Affiliate;6
10/11/2024;Marjorie;Female;AI Course for Beginners;Template;126;1;126;Poland;Kajabi;YouTube;5
03/10/2025;Rolland;Male;Productivity Booster Pack;Webinar;34;3;102;China;Teachable;Facebook Ads;2
09/06/2024;Opal;Polygender;Notion Second Brain;Coaching Program;71;2;142;China;Shopify;Organic Search;0
6/30/2024;Theo;Female;Habit Tracker for Creators;Webinar;31;4;124;New Zealand;Kajabi;Instagram;10
10/31/2024;Goraud;Male;Habit Tracker for Creators;Course;27;4;108;Pakistan;Gumroad;Paid Ads;8
09/12/2024;Abbie;Bigender;Content Calendar Pro;Subscription;105;1;105;Comoros;Gumroad;Instagram;3
6/28/2024;Howey;Male;Content Calendar Pro;E-book;102;5;510;China;Direct;Affiliate;5
10/14/2024;Susi;Non-binary;Masterclass: Digital Marketing;Subscription;55;5;275;Japan;Kajabi;Paid Ads;9
4/29/2025;Eadith;Female;Financial Tracker;Subscription;30;3;90;Venezuela;Shopify;Instagram;8
10/22/2024;Andromache;Female;Financial Tracker;Template;136;4;544;Greece;Kajabi;Affiliate;6
1/15/2025;Laurens;Male;Habit Tracker for Creators;Subscription;102;3;306;South Africa;Direct;Instagram;2
4/19/2025;Marjory;Female;Ultimate Planner Hub;Coaching Program;147;1;147;Portugal;Direct;Email;8
6/24/2025;Randi;Female;AI Course for Beginners;E-book;122;2;244;China;ClickFunnels;Paid Ads;7
3/29/2025;Muhammad;Male;Project Management Toolkit;Coaching Program;83;4;332;China;Teachable;Paid Ads;0
02/02/2025;Chevalier;Male;Productivity Booster Pack;Webinar;46;5;230;Syria;Shopify;Facebook Ads;4
07/10/2024;Emalee;Female;Habit Tracker for Creators;Course;47;1;47;Russia;Kajabi;Affiliate;9
05/05/2025;Carlye;Female;Habit Tracker for Creators;Course;102;1;102;Indonesia;ClickFunnels;TikTok;6
4/18/2025;Oby;Male;Habit Tracker for Creators;Coaching Program;117;3;351;Indonesia;Kajabi;Instagram;1
04/01/2025;Kingsley;Male;Content Calendar Pro;Webinar;29;2;58;Afghanistan;Gumroad;Paid Ads;2
7/23/2024;Ariel;Female;Masterclass: Digital Marketing;Webinar;94;3;282;China;Teachable;Instagram;5
1/22/2025;Hubert;Male;Ultimate Planner Hub;E-book;91;3;273;Greece;Gumroad;Instagram;3
07/05/2024;Wainwright;Male;Content Calendar Pro;Webinar;109;5;545;Russia;Teachable;Email;2
3/26/2025;Any;Male;Ultimate Planner Hub;Template;108;3;324;Brazil;ClickFunnels;Paid Ads;0
11/22/2024;Miner;Male;Habit Tracker for Creators;Subscription;46;4;184;China;Teachable;YouTube;6
2/27/2025;Kathryn;Female;Webinar: Launch Your First Course;Course;94;4;376;Poland;ClickFunnels;Paid Ads;0
10/25/2024;Leighton;Genderfluid;Project Management Toolkit;Course;27;1;27;Russia;Shopify;Paid Ads;6
10/02/2024;Shanon;Female;Webinar: Launch Your First Course;Subscription;93;5;465;Brazil;Kajabi;Email;4
12/20/2024;Quillan;Male;Project Management Toolkit;E-book;148;5;740;China;Teachable;YouTube;3
04/09/2025;Mickey;Male;Ultimate Planner Hub;Subscription;54;5;270;Tunisia;ClickFunnels;Instagram;3
6/24/2025;Tasha;Genderfluid;Masterclass: Digital Marketing;Coaching Program;126;4;504;Colombia;Shopify;Paid Ads;6
12/17/2024;Cullin;Male;Masterclass: Digital Marketing;Subscription;95;2;190;Malaysia;Teachable;Instagram;10
10/07/2024;Davita;Female;Project Management Toolkit;Template;114;3;342;Portugal;Kajabi;Affiliate;6
4/23/2025;Rayner;Male;Content Calendar Pro;E-book;81;4;324;Ethiopia;ClickFunnels;Facebook Ads;1
08/09/2024;Tamera;Female;Project Management Toolkit;E-book;136;2;272;Indonesia;Teachable;Facebook Ads;6
10/31/2024;Dimitri;Male;AI Course for Beginners;Course;62;2;124;China;Shopify;TikTok;9
03/12/2025;Burnaby;Male;Habit Tracker for Creators;Template;121;4;484;Cuba;Kajabi;Email;2
1/21/2025;Kayle;Female;Content Calendar Pro;Course;26;1;26;Indonesia;Shopify;YouTube;1
3/29/2025;Sam;Female;Masterclass: Digital Marketing;Coaching Program;31;5;155;Peru;Direct;Email;4
05/03/2025;Maire;Agender;Ultimate Planner Hub;Subscription;129;2;258;Yemen;Shopify;TikTok;0
7/26/2024;Kippy;Male;Ultimate Planner Hub;Coaching Program;95;1;95;Sweden;Shopify;YouTube;7
01/08/2025;Frasco;Male;Ultimate Planner Hub;Template;104;5;520;China;Gumroad;Facebook Ads;1
10/19/2024;Job;Male;Ultimate Planner Hub;Course;30;1;30;Brazil;ClickFunnels;Email;7
01/12/2025;Marthena;Female;Project Management Toolkit;Webinar;22;2;44;Canada;Direct;Email;5
02/02/2025;Lincoln;Male;AI Course for Beginners;Subscription;110;5;550;United States;Kajabi;TikTok;5
02/09/2025;Ransell;Agender;Ultimate Planner Hub;Template;32;3;96;China;Kajabi;YouTube;8
3/13/2025;Barri;Male;Content Calendar Pro;Subscription;134;2;268;Peru;Direct;Paid Ads;9
12/01/2024;Johannah;Female;Ultimate Planner Hub;Subscription;58;2;116;Philippines;ClickFunnels;YouTube;4
07/04/2024;Elbert;Male;AI Course for Beginners;Subscription;140;4;560;Ireland;Kajabi;Paid Ads;8
05/08/2025;Arden;Female;AI Course for Beginners;E-book;31;1;31;Indonesia;Direct;Organic Search;8
02/02/2025;Freddy;Male;Financial Tracker;Webinar;124;2;248;Bulgaria;ClickFunnels;Facebook Ads;8
11/03/2024;Tedie;Male;Webinar: Launch Your First Course;Coaching Program;31;2;62;Tanzania;Gumroad;YouTube;4
5/22/2025;Antin;Male;Notion Second Brain;E-book;99;1;99;Indonesia;ClickFunnels;Affiliate;0
6/16/2025;Joannes;Female;Project Management Toolkit;Template;36;3;108;Colombia;ClickFunnels;Facebook Ads;1
8/30/2024;Skell;Male;Ultimate Planner Hub;Course;114;1;114;China;Shopify;Instagram;10
7/22/2024;Rebecca;Female;Masterclass: Digital Marketing;Subscription;103;1;103;Russia;Kajabi;Email;3
05/07/2025;Lamont;Bigender;Content Calendar Pro;Coaching Program;77;1;77;China;ClickFunnels;Email;1
3/30/2025;Garreth;Non-binary;Habit Tracker for Creators;Template;119;2;238;Indonesia;Kajabi;TikTok;7
11/04/2024;Torin;Male;Ultimate Planner Hub;Coaching Program;76;5;380;Cameroon;Direct;Facebook Ads;7
3/21/2025;Edwina;Female;AI Course for Beginners;E-book;32;1;32;Indonesia;Shopify;YouTube;1
04/09/2025;Denni;Female;Habit Tracker for Creators;Webinar;84;4;336;Poland;Gumroad;Instagram;10
4/25/2025;Jessy;Female;Productivity Booster Pack;E-book;79;4;316;Egypt;Shopify;Organic Search;9
11/26/2024;Heda;Female;Notion Second Brain;Webinar;38;3;114;Brazil;Teachable;Organic Search;8
12/26/2024;Kellen;Bigender;Webinar: Launch Your First Course;Course;111;1;111;Brazil;Kajabi;TikTok;9
1/15/2025;Theodoric;Male;Financial Tracker;E-book;139;4;556;China;Shopify;Affiliate;4
05/07/2025;Claudelle;Bigender;Webinar: Launch Your First Course;Template;130;5;650;Greece;Direct;Affiliate;7
05/11/2025;Tamarah;Female;Notion Second Brain;Subscription;83;4;332;Indonesia;Kajabi;Organic Search;4
1/27/2025;Giffer;Male;Productivity Booster Pack;Subscription;124;5;620;China;Kajabi;Email;1
12/23/2024;Pepi;Female;Notion Second Brain;Coaching Program;102;3;306;Philippines;Direct;TikTok;6
09/02/2024;Gauthier;Male;Content Calendar Pro;Template;107;2;214;Brazil;Kajabi;Email;3
8/26/2024;Osmund;Male;Notion Second Brain;Course;77;3;231;Tanzania;Teachable;Organic Search;9
3/29/2025;Melicent;Female;Webinar: Launch Your First Course;Webinar;68;5;340;Sweden;Kajabi;TikTok;10
07/12/2024;Barnard;Male;AI Course for Beginners;Webinar;90;1;90;Ukraine;Kajabi;TikTok;0
10/07/2024;Kerwin;Male;Ultimate Planner Hub;Subscription;80;3;240;Russia;Gumroad;Instagram;9
2/27/2025;Dionis;Female;Content Calendar Pro;Subscription;59;1;59;Palestinian Territory;Gumroad;Email;7
01/08/2025;Kipper;Male;Masterclass: Digital Marketing;Subscription;131;4;524;Indonesia;Kajabi;YouTube;1
3/22/2025;Kermie;Male;AI Course for Beginners;Coaching Program;33;3;99;Sweden;Shopify;Affiliate;1
12/22/2024;Matilde;Female;Project Management Toolkit;Webinar;80;4;320;Finland;Direct;Email;0
12/24/2024;Lorin;Male;Content Calendar Pro;Webinar;134;4;536;Peru;ClickFunnels;TikTok;1
3/16/2025;Tirrell;Male;Content Calendar Pro;Webinar;78;3;234;Russia;ClickFunnels;Instagram;4
11/11/2024;Corie;Female;Masterclass: Digital Marketing;E-book;110;2;220;Honduras;Gumroad;Affiliate;9
10/27/2024;Aila;Female;Masterclass: Digital Marketing;Subscription;107;4;428;Japan;Kajabi;Paid Ads;9
12/07/2024;Olia;Female;Financial Tracker;Subscription;104;1;104;Indonesia;Direct;Instagram;0
1/23/2025;Meriel;Female;Financial Tracker;Coaching Program;72;1;72;Sri Lanka;Teachable;Paid Ads;7
1/31/2025;Dwayne;Male;Habit Tracker for Creators;Coaching Program;134;2;268;Indonesia;Gumroad;Affiliate;6
04/09/2025;Shane;Female;Masterclass: Digital Marketing;E-book;68;5;340;Portugal;Kajabi;Facebook Ads;0
5/19/2025;Ashley;Female;Project Management Toolkit;Course;87;3;261;Colombia;Gumroad;Facebook Ads;9
12/27/2024;Ashil;Polygender;Ultimate Planner Hub;Coaching Program;22;3;66;Portugal;Shopify;Instagram;4
8/16/2024;Chilton;Male;Webinar: Launch Your First Course;Course;62;3;186;China;Teachable;Organic Search;1
06/08/2025;Fielding;Male;Notion Second Brain;Template;129;3;387;Indonesia;Teachable;TikTok;2
7/24/2024;Maison;Male;Webinar: Launch Your First Course;Coaching Program;76;1;76;Poland;Teachable;Paid Ads;0
6/27/2024;Jory;Male;AI Course for Beginners;Template;65;2;130;China;Direct;YouTube;8
11/15/2024;Remus;Male;Productivity Booster Pack;Template;105;2;210;Sweden;Shopify;Facebook Ads;10
7/28/2024;Bernelle;Female;AI Course for Beginners;Subscription;143;2;286;Brazil;Direct;YouTube;7
01/06/2025;Cletis;Male;Masterclass: Digital Marketing;Webinar;48;4;192;China;Shopify;Facebook Ads;2
1/20/2025;Cleavland;Male;Notion Second Brain;Webinar;107;5;535;Mexico;Kajabi;Organic Search;3
4/23/2025;Izabel;Female;Notion Second Brain;Coaching Program;30;1;30;Brazil;Gumroad;YouTube;4
7/14/2024;Cristian;Male;Financial Tracker;E-book;51;2;102;Peru;Direct;Email;0
06/06/2025;Alaric;Male;Productivity Booster Pack;Subscription;117;1;117;Indonesia;Gumroad;Affiliate;5
2/24/2025;Kellyann;Non-binary;Webinar: Launch Your First Course;Coaching Program;102;2;204;China;Direct;Organic Search;6
11/11/2024;Hilly;Male;Financial Tracker;Course;89;5;445;Argentina;Direct;Affiliate;1
02/01/2025;Juliann;Female;Ultimate Planner Hub;E-book;52;2;104;Czech Republic;Gumroad;TikTok;0
06/11/2025;Anna-maria;Female;Habit Tracker for Creators;Course;50;3;150;Albania;Gumroad;Organic Search;3
7/15/2024;Woodman;Male;Masterclass: Digital Marketing;Template;73;4;292;Honduras;Direct;Affiliate;4
2/16/2025;Randy;Female;Project Management Toolkit;Subscription;59;4;236;Peru;ClickFunnels;TikTok;10
4/19/2025;Linnie;Female;Webinar: Launch Your First Course;Coaching Program;70;2;140;Mongolia;ClickFunnels;Organic Search;5
12/30/2024;Mair;Female;Webinar: Launch Your First Course;Coaching Program;33;3;99;Indonesia;ClickFunnels;Instagram;0
6/26/2024;Sanson;Male;Ultimate Planner Hub;Template;100;5;500;Philippines;Teachable;Email;3
11/26/2024;Greggory;Male;Financial Tracker;Coaching Program;95;1;95;Ivory Coast;Shopify;YouTube;3
5/28/2025;Janeva;Female;Productivity Booster Pack;E-book;64;1;64;Russia;Direct;Affiliate;6
9/29/2024;Natty;Female;AI Course for Beginners;E-book;148;1;148;Indonesia;Teachable;Organic Search;7
04/12/2025;Celene;Female;Habit Tracker for Creators;Subscription;125;3;375;Poland;Shopify;Organic Search;1
01/08/2025;Desdemona;Polygender;Productivity Booster Pack;Subscription;111;5;555;Portugal;Direct;Email;8
3/21/2025;Sylvia;Female;Habit Tracker for Creators;Webinar;22;5;110;Peru;Direct;TikTok;8
7/28/2024;Aile;Female;Productivity Booster Pack;Course;135;1;135;Indonesia;Shopify;Affiliate;7
1/31/2025;Jena;Female;Project Management Toolkit;Webinar;79;2;158;France;Gumroad;Paid Ads;5
12/08/2024;Solly;Male;Ultimate Planner Hub;Course;128;2;256;United States;Gumroad;Affiliate;10
12/10/2024;Michaeline;Female;Masterclass: Digital Marketing;Subscription;49;2;98;Russia;Direct;Facebook Ads;10
9/15/2024;Brett;Male;Habit Tracker for Creators;Course;141;3;423;Indonesia;Kajabi;Email;9
6/27/2024;Hiram;Male;Notion Second Brain;Webinar;28;3;84;Indonesia;Teachable;Organic Search;9
12/06/2024;Patrick;Male;Financial Tracker;Webinar;126;1;126;Russia;Gumroad;Paid Ads;4
12/20/2024;Ilse;Female;Ultimate Planner Hub;Subscription;35;5;175;Cuba;Direct;Affiliate;8
3/21/2025;Armstrong;Male;AI Course for Beginners;Course;102;3;306;Philippines;Shopify;YouTube;9
7/20/2024;Aurelia;Female;Content Calendar Pro;Webinar;71;3;213;Palestinian Territory;Gumroad;Affiliate;8
08/06/2024;Boycey;Male;Masterclass: Digital Marketing;Course;38;3;114;Indonesia;Teachable;Email;8
6/14/2025;Daisi;Female;Financial Tracker;Template;59;1;59;China;Shopify;Email;9
4/13/2025;Theo;Male;Webinar: Launch Your First Course;Subscription;57;2;114;Indonesia;Kajabi;Paid Ads;8
3/22/2025;Newton;Male;Content Calendar Pro;Coaching Program;114;4;456;Finland;Gumroad;Email;10
02/10/2025;Rania;Female;AI Course for Beginners;E-book;52;3;156;China;Kajabi;Instagram;10
9/21/2024;Annmaria;Female;Ultimate Planner Hub;E-book;53;1;53;Netherlands;Direct;Affiliate;6
11/08/2024;Winston;Male;Masterclass: Digital Marketing;Coaching Program;72;1;72;France;Direct;Affiliate;3
7/28/2024;Horatius;Male;Content Calendar Pro;Template;84;5;420;Indonesia;ClickFunnels;Organic Search;4
03/06/2025;Iggie;Male;Masterclass: Digital Marketing;Coaching Program;142;3;426;Myanmar;ClickFunnels;Organic Search;9
2/14/2025;Delphinia;Female;Content Calendar Pro;Template;25;4;100;Russia;ClickFunnels;Organic Search;1
07/02/2024;Anestassia;Female;Habit Tracker for Creators;E-book;121;5;605;Indonesia;Teachable;Paid Ads;10
06/08/2025;Ibbie;Female;Productivity Booster Pack;E-book;24;4;96;Chad;Direct;YouTube;2
1/29/2025;Lief;Male;Masterclass: Digital Marketing;Course;113;3;339;Ukraine;ClickFunnels;Paid Ads;10
07/10/2024;Gaultiero;Genderqueer;Productivity Booster Pack;Coaching Program;100;1;100;Portugal;ClickFunnels;Organic Search;1
7/21/2024;Wood;Male;AI Course for Beginners;Course;113;4;452;Thailand;Kajabi;Paid Ads;8
11/06/2024;Cyrillus;Male;AI Course for Beginners;Coaching Program;123;1;123;Indonesia;Direct;Organic Search;1
04/08/2025;Kathe;Female;Productivity Booster Pack;Coaching Program;21;5;105;China;Shopify;Paid Ads;10
11/28/2024;Araldo;Male;Productivity Booster Pack;Subscription;46;4;184;United States;Teachable;Email;1
12/02/2024;Homere;Male;Project Management Toolkit;Course;38;3;114;Sweden;Direct;YouTube;7
1/23/2025;Seline;Female;Productivity Booster Pack;Template;143;3;429;Philippines;Kajabi;Paid Ads;2
05/01/2025;Matias;Non-binary;Financial Tracker;Course;50;3;150;China;ClickFunnels;YouTube;1
9/24/2024;Claudian;Bigender;Project Management Toolkit;Webinar;105;1;105;Philippines;Teachable;Instagram;9
08/01/2024;Dud;Male;Masterclass: Digital Marketing;E-book;112;2;224;Peru;Gumroad;YouTube;3
05/06/2025;Camila;Female;AI Course for Beginners;Template;59;3;177;Uganda;Teachable;Facebook Ads;10
10/23/2024;Olympie;Female;Webinar: Launch Your First Course;E-book;115;3;345;Russia;ClickFunnels;Instagram;8
8/14/2024;Jori;Female;Productivity Booster Pack;Webinar;130;2;260;Finland;Gumroad;TikTok;8
02/01/2025;Linn;Female;Ultimate Planner Hub;Template;58;1;58;Russia;ClickFunnels;YouTube;9
11/23/2024;Christie;Female;Productivity Booster Pack;E-book;66;3;198;Sweden;Direct;Paid Ads;1
11/15/2024;Elenore;Female;Webinar: Launch Your First Course;Template;72;5;360;Indonesia;ClickFunnels;Affiliate;5
09/06/2024;Adorne;Genderfluid;Content Calendar Pro;Coaching Program;42;5;210;Brazil;ClickFunnels;Facebook Ads;9
3/14/2025;Timmi;Female;AI Course for Beginners;Coaching Program;38;1;38;China;Gumroad;Paid Ads;3
09/07/2024;Giuseppe;Male;AI Course for Beginners;Coaching Program;97;3;291;China;Shopify;Affiliate;1
8/26/2024;Reba;Female;Habit Tracker for Creators;Template;44;1;44;Canada;ClickFunnels;TikTok;0
4/23/2025;Birdie;Polygender;Ultimate Planner Hub;Subscription;87;3;261;Honduras;Shopify;Affiliate;2
8/25/2024;Dedie;Female;Notion Second Brain;Subscription;143;4;572;Indonesia;Direct;Affiliate;3
2/27/2025;Floyd;Male;Ultimate Planner Hub;E-book;119;2;238;Indonesia;ClickFunnels;Affiliate;2
8/16/2024;Raoul;Male;Masterclass: Digital Marketing;Webinar;73;5;365;Mexico;Gumroad;YouTube;6
01/04/2025;Tybalt;Male;Project Management Toolkit;E-book;101;4;404;Poland;Shopify;TikTok;2
12/20/2024;Bertram;Male;Masterclass: Digital Marketing;Webinar;126;4;504;Canada;Direct;YouTube;8
8/22/2024;Leona;Genderfluid;Notion Second Brain;E-book;56;3;168;Indonesia;Teachable;Instagram;2
11/02/2024;Jamison;Male;Financial Tracker;Webinar;135;4;540;Indonesia;Gumroad;Paid Ads;1
9/13/2024;Tann;Male;Webinar: Launch Your First Course;Webinar;125;1;125;Belarus;ClickFunnels;Instagram;3
8/21/2024;Doralin;Female;Ultimate Planner Hub;Subscription;45;1;45;Russia;Gumroad;Organic Search;3
03/02/2025;Chucho;Male;AI Course for Beginners;E-book;136;1;136;China;Gumroad;Facebook Ads;0
01/08/2025;Hansiain;Agender;Notion Second Brain;Template;94;5;470;Brazil;ClickFunnels;Facebook Ads;7
01/10/2025;Winona;Female;Content Calendar Pro;Template;66;1;66;Indonesia;Shopify;Organic Search;6
5/18/2025;Nanci;Female;Project Management Toolkit;Template;66;2;132;Uzbekistan;Kajabi;Instagram;8
03/05/2025;Aura;Female;Project Management Toolkit;Webinar;144;4;576;Portugal;Shopify;Facebook Ads;9
11/10/2024;Conni;Female;Content Calendar Pro;Course;72;1;72;China;ClickFunnels;Facebook Ads;5
01/11/2025;Harmonie;Female;Notion Second Brain;Subscription;141;5;705;Indonesia;Teachable;Organic Search;7
5/16/2025;Abramo;Male;Masterclass: Digital Marketing;Subscription;47;5;235;China;Teachable;Organic Search;4
8/27/2024;Vanni;Female;Webinar: Launch Your First Course;E-book;134;3;402;Norway;ClickFunnels;Paid Ads;8
2/17/2025;Chickie;Male;Project Management Toolkit;E-book;54;1;54;Chile;Kajabi;Paid Ads;1
8/19/2024;Cosme;Non-binary;AI Course for Beginners;Subscription;110;3;330;Croatia;Shopify;Facebook Ads;4
1/16/2025;Gwenni;Genderqueer;Webinar: Launch Your First Course;Subscription;37;3;111;Mexico;Teachable;Affiliate;7
10/10/2024;Donnie;Female;Content Calendar Pro;Subscription;123;2;246;Czech Republic;Teachable;Instagram;7
1/26/2025;Waring;Male;Webinar: Launch Your First Course;Coaching Program;91;3;273;France;Kajabi;Affiliate;7
01/08/2025;Isadore;Male;Webinar: Launch Your First Course;Subscription;35;5;175;Gabon;Gumroad;Paid Ads;10
4/29/2025;Forrest;Male;Project Management Toolkit;Subscription;110;3;330;Iran;ClickFunnels;TikTok;7
07/07/2024;Tamarra;Polygender;Productivity Booster Pack;Course;85;3;255;Greece;Kajabi;Email;8
6/16/2025;Melania;Female;Habit Tracker for Creators;Coaching Program;142;2;284;Portugal;Gumroad;Facebook Ads;0
12/11/2024;Yanaton;Male;Financial Tracker;Template;84;2;168;China;Teachable;YouTube;8
05/06/2025;Suzi;Female;Project Management Toolkit;Subscription;77;2;154;Philippines;Direct;Email;6
1/27/2025;Felix;Male;Webinar: Launch Your First Course;Webinar;82;5;410;Seychelles;Kajabi;Affiliate;0
6/21/2025;Dew;Male;Content Calendar Pro;Webinar;113;4;452;Ireland;Shopify;Paid Ads;5
12/25/2024;Harper;Male;Productivity Booster Pack;Subscription;70;1;70;Colombia;Direct;Affiliate;9
11/01/2024;Symon;Male;Project Management Toolkit;Course;19;3;57;China;Gumroad;Facebook Ads;8
9/14/2024;Kingston;Male;Content Calendar Pro;Template;86;2;172;France;Shopify;Organic Search;4
10/26/2024;Harvey;Male;Masterclass: Digital Marketing;Course;50;1;50;Ethiopia;ClickFunnels;Affiliate;9
7/31/2024;Lissa;Genderfluid;Notion Second Brain;Course;139;2;278;Kyrgyzstan;Direct;Paid Ads;2
8/29/2024;Nancee;Female;Financial Tracker;Coaching Program;73;1;73;Russia;Teachable;Email;0
11/17/2024;Nessi;Agender;Project Management Toolkit;Subscription;109;4;436;Indonesia;Teachable;YouTube;6
2/28/2025;Allyn;Female;Habit Tracker for Creators;Subscription;143;3;429;Peru;Gumroad;Facebook Ads;9
07/04/2024;Nanine;Female;Ultimate Planner Hub;Course;95;1;95;Brazil;ClickFunnels;Paid Ads;1
04/03/2025;Carmina;Bigender;Masterclass: Digital Marketing;Template;66;4;264;China;Kajabi;Organic Search;6
07/06/2024;Millisent;Female;Productivity Booster Pack;Coaching Program;101;1;101;Sri Lanka;Direct;TikTok;3
11/12/2024;Rowan;Male;Content Calendar Pro;Subscription;64;4;256;Brazil;Shopify;Paid Ads;1
6/19/2025;Benni;Female;Notion Second Brain;E-book;139;4;556;Germany;Gumroad;YouTube;0
01/02/2025;Della;Female;Masterclass: Digital Marketing;Template;42;5;210;China;ClickFunnels;YouTube;1
04/08/2025;Ginni;Female;Project Management Toolkit;Coaching Program;99;5;495;Russia;Teachable;Organic Search;3
12/28/2024;Chaddie;Male;Ultimate Planner Hub;Course;56;2;112;Canada;ClickFunnels;Instagram;2
6/19/2025;Raleigh;Male;Webinar: Launch Your First Course;E-book;84;1;84;Czech Republic;Teachable;YouTube;4
1/17/2025;Richmound;Male;AI Course for Beginners;Template;66;4;264;Poland;Direct;TikTok;0
3/16/2025;Stephannie;Female;Webinar: Launch Your First Course;Webinar;90;3;270;China;Direct;Facebook Ads;1
8/31/2024;Lillis;Bigender;Ultimate Planner Hub;Course;71;2;142;China;Direct;Instagram;10
09/12/2024;Jamil;Male;Content Calendar Pro;Course;32;5;160;Syria;Direct;YouTube;4
6/15/2025;Emmet;Male;Ultimate Planner Hub;Coaching Program;36;2;72;Tanzania;Shopify;Paid Ads;8
01/12/2025;Peggi;Female;AI Course for Beginners;Webinar;55;4;220;China;Teachable;TikTok;10
12/27/2024;Burg;Male;Habit Tracker for Creators;Course;36;4;144;China;Gumroad;Email;1
10/03/2024;Del;Non-binary;Masterclass: Digital Marketing;Webinar;22;3;66;Guatemala;Shopify;YouTube;9
12/01/2024;Nye;Male;AI Course for Beginners;E-book;118;3;354;Philippines;Gumroad;Facebook Ads;4
02/02/2025;Andie;Female;Masterclass: Digital Marketing;Subscription;21;1;21;Russia;Teachable;Affiliate;5
4/18/2025;Phil;Female;Productivity Booster Pack;Template;125;4;500;China;Teachable;Paid Ads;8
11/02/2024;Rusty;Male;Masterclass: Digital Marketing;E-book;133;4;532;Poland;Gumroad;Paid Ads;3
05/11/2025;Deana;Genderqueer;Masterclass: Digital Marketing;Coaching Program;92;5;460;Ukraine;Teachable;Organic Search;4
1/30/2025;Jackqueline;Female;Ultimate Planner Hub;Webinar;69;2;138;Myanmar;Shopify;Instagram;5
6/15/2025;Fonz;Male;Content Calendar Pro;Course;79;1;79;Thailand;Direct;Paid Ads;1
02/12/2025;Imelda;Female;Webinar: Launch Your First Course;Course;116;2;232;Philippines;Direct;Email;8
3/29/2025;Elvera;Female;Ultimate Planner Hub;Template;83;5;415;Guatemala;Shopify;Instagram;1
8/21/2024;Fran;Male;Webinar: Launch Your First Course;Webinar;145;4;580;Portugal;Shopify;YouTube;2
12/02/2024;Tersina;Female;Content Calendar Pro;Coaching Program;72;1;72;Portugal;Shopify;Affiliate;1
9/21/2024;Bronson;Male;Content Calendar Pro;Template;61;4;244;China;Teachable;TikTok;7
07/07/2024;Lindsay;Male;Habit Tracker for Creators;Subscription;149;3;447;Ireland;Shopify;Affiliate;7
01/09/2025;Beatrisa;Female;Project Management Toolkit;Template;67;2;134;Philippines;Gumroad;Organic Search;10
12/27/2024;Desi;Male;Financial Tracker;Template;47;5;235;Brazil;ClickFunnels;Affiliate;6
12/06/2024;Rae;Female;Habit Tracker for Creators;Template;116;2;232;Indonesia;Shopify;Instagram;5
09/12/2024;Orville;Male;AI Course for Beginners;Coaching Program;52;2;104;Indonesia;ClickFunnels;Instagram;3
1/25/2025;Tucker;Male;Habit Tracker for Creators;Template;21;3;63;France;Shopify;Facebook Ads;3
5/21/2025;Gerti;Female;AI Course for Beginners;E-book;45;5;225;Indonesia;ClickFunnels;Organic Search;9
11/19/2024;Lennie;Male;Project Management Toolkit;Subscription;44;2;88;Peru;Shopify;Facebook Ads;7
07/07/2024;Rick;Male;Financial Tracker;E-book;107;5;535;France;Gumroad;Email;6
03/11/2025;Clint;Male;Productivity Booster Pack;Coaching Program;85;1;85;Russia;Gumroad;Paid Ads;9
10/23/2024;Marven;Male;Productivity Booster Pack;Template;105;5;525;Indonesia;Gumroad;TikTok;10
12/01/2024;Gayle;Male;Financial Tracker;Coaching Program;124;4;496;China;Kajabi;Email;2
5/26/2025;Vladimir;Non-binary;Ultimate Planner Hub;Course;129;1;129;Philippines;ClickFunnels;Affiliate;0
1/31/2025;Jania;Female;Notion Second Brain;Course;53;4;212;Poland;Direct;Affiliate;5
10/30/2024;Dorolice;Female;Content Calendar Pro;E-book;103;2;206;Greece;Shopify;Email;7
11/10/2024;Donalt;Male;Masterclass: Digital Marketing;Template;46;1;46;Bangladesh;Shopify;YouTube;4
2/20/2025;Marc;Male;Ultimate Planner Hub;Template;33;4;132;Ivory Coast;Shopify;Affiliate;5
8/19/2024;Nelson;Male;Financial Tracker;Template;91;3;273;China;ClickFunnels;Facebook Ads;6
10/22/2024;Waylan;Male;Productivity Booster Pack;E-book;64;1;64;China;Teachable;Facebook Ads;2
11/16/2024;Hazel;Female;Notion Second Brain;Subscription;105;5;525;Uganda;Kajabi;Email;1
4/23/2025;Diana;Female;Webinar: Launch Your First Course;Subscription;68;3;204;New Zealand;Kajabi;TikTok;6
03/09/2025;Elmo;Male;Notion Second Brain;E-book;57;2;114;Yemen;Teachable;Instagram;0
12/27/2024;Piotr;Male;Project Management Toolkit;Subscription;143;3;429;China;Direct;YouTube;6
10/10/2024;Katrine;Female;Financial Tracker;Subscription;94;4;376;Philippines;Direct;Email;3
12/06/2024;Morgen;Male;Ultimate Planner Hub;E-book;91;2;182;Kazakhstan;Teachable;Organic Search;9
11/29/2024;Carmel;Female;Habit Tracker for Creators;Coaching Program;100;2;200;Serbia;ClickFunnels;Instagram;6
11/15/2024;Minnnie;Female;Habit Tracker for Creators;E-book;143;3;429;Albania;ClickFunnels;Affiliate;7
3/23/2025;Charley;Male;Financial Tracker;Coaching Program;35;1;35;Guinea;Kajabi;Affiliate;0
06/05/2025;Chloe;Female;Masterclass: Digital Marketing;Course;127;2;254;China;Direct;Organic Search;10
1/20/2025;Prissie;Female;Project Management Toolkit;Course;81;4;324;Brazil;ClickFunnels;Affiliate;5
06/01/2025;Neille;Genderfluid;Project Management Toolkit;Coaching Program;121;4;484;Czech Republic;ClickFunnels;Email;7
04/11/2025;Bebe;Female;Masterclass: Digital Marketing;Coaching Program;53;2;106;China;Direct;Affiliate;4
09/11/2024;Daniella;Bigender;Project Management Toolkit;Course;142;5;710;Philippines;Gumroad;Affiliate;9
01/11/2025;Gayle;Male;Habit Tracker for Creators;E-book;43;3;129;Indonesia;Shopify;Affiliate;7
5/22/2025;Ronny;Genderqueer;Notion Second Brain;Template;109;4;436;Cuba;Shopify;Instagram;6
2/21/2025;Matias;Male;Productivity Booster Pack;Template;30;2;60;South Africa;Direct;Organic Search;4
02/03/2025;Abby;Female;Financial Tracker;Coaching Program;91;1;91;China;Direct;Facebook Ads;8
1/25/2025;Izaak;Male;Masterclass: Digital Marketing;Template;143;2;286;Indonesia;Teachable;Affiliate;4
1/31/2025;Brittany;Female;Ultimate Planner Hub;E-book;69;5;345;Russia;Direct;Paid Ads;5
7/25/2024;Gwyn;Bigender;Webinar: Launch Your First Course;Subscription;141;3;423;Russia;Teachable;Instagram;9
6/23/2025;Sayre;Female;Masterclass: Digital Marketing;Course;30;4;120;Colombia;ClickFunnels;Affiliate;3
11/15/2024;Kimble;Male;AI Course for Beginners;Subscription;112;2;224;Chad;Direct;Paid Ads;1
06/05/2025;Emmalynn;Female;Project Management Toolkit;Coaching Program;105;4;420;Pakistan;Gumroad;YouTube;7
9/30/2024;Deanna;Female;AI Course for Beginners;Coaching Program;44;4;176;Bosnia and Herzegovina;Teachable;TikTok;10
07/10/2024;Melesa;Female;Content Calendar Pro;Subscription;147;5;735;Indonesia;Direct;Paid Ads;4
04/07/2025;Karlotta;Female;Content Calendar Pro;E-book;145;2;290;China;Kajabi;YouTube;3
09/10/2024;Waverley;Male;Ultimate Planner Hub;Template;100;4;400;Philippines;Direct;Affiliate;1
6/17/2025;Jenine;Female;Masterclass: Digital Marketing;Course;97;3;291;Colombia;Shopify;Affiliate;8
11/08/2024;Cammie;Female;Habit Tracker for Creators;E-book;70;2;140;Portugal;Gumroad;Instagram;2
05/03/2025;Bekki;Female;Productivity Booster Pack;Template;127;1;127;Portugal;Shopify;TikTok;3
12/07/2024;Nadeen;Female;Content Calendar Pro;E-book;143;3;429;France;Gumroad;Email;1
5/21/2025;Abram;Male;Financial Tracker;Course;48;2;96;Indonesia;Direct;Email;1
5/23/2025;Franny;Male;Masterclass: Digital Marketing;Coaching Program;21;2;42;Philippines;ClickFunnels;Affiliate;7
1/27/2025;Moira;Female;Project Management Toolkit;Template;115;3;345;Brazil;Shopify;Facebook Ads;1
06/03/2025;Dorian;Female;Notion Second Brain;Coaching Program;97;2;194;Albania;ClickFunnels;Organic Search;9
04/09/2025;Riane;Female;Webinar: Launch Your First Course;Subscription;112;1;112;Poland;Direct;Affiliate;7
9/24/2024;Erin;Male;Webinar: Launch Your First Course;Coaching Program;116;5;580;Azerbaijan;Shopify;Email;6
5/27/2025;Shanan;Male;Project Management Toolkit;E-book;98;2;196;China;Teachable;Organic Search;1
09/10/2024;Emmaline;Female;Content Calendar Pro;Coaching Program;129;1;129;Tunisia;Gumroad;Instagram;1
8/20/2024;Flossi;Female;Webinar: Launch Your First Course;Course;83;3;249;Philippines;Kajabi;Affiliate;6
02/01/2025;Beale;Male;Webinar: Launch Your First Course;Webinar;118;4;472;Colombia;Gumroad;Instagram;5
10/15/2024;Auguste;Female;Financial Tracker;Coaching Program;108;5;540;France;Shopify;Affiliate;3
12/20/2024;Jeno;Male;Masterclass: Digital Marketing;Coaching Program;49;3;147;Kenya;ClickFunnels;YouTube;3
02/06/2025;Gabby;Male;Financial Tracker;E-book;89;1;89;Thailand;Gumroad;TikTok;4
01/02/2025;Isac;Male;Project Management Toolkit;E-book;148;3;444;Brazil;Direct;Affiliate;8
08/08/2024;Shandeigh;Female;Project Management Toolkit;Webinar;110;3;330;China;Gumroad;YouTube;2
02/06/2025;Corena;Female;Notion Second Brain;Subscription;144;3;432;Indonesia;ClickFunnels;Paid Ads;0
8/13/2024;Ware;Male;Webinar: Launch Your First Course;Coaching Program;112;3;336;Costa Rica;ClickFunnels;Instagram;1
03/09/2025;Rockwell;Male;Project Management Toolkit;E-book;144;3;432;Indonesia;Gumroad;Email;2
09/07/2024;Alain;Male;Notion Second Brain;Coaching Program;121;4;484;Greece;Kajabi;Organic Search;4
3/14/2025;Tiffani;Female;Productivity Booster Pack;Coaching Program;75;5;375;Indonesia;Teachable;Instagram;0
03/12/2025;Cecilia;Female;Productivity Booster Pack;Subscription;35;4;140;Poland;Kajabi;TikTok;1
3/26/2025;Edee;Female;Productivity Booster Pack;Webinar;25;5;125;Vietnam;ClickFunnels;Email;6
9/18/2024;Aubrey;Female;Habit Tracker for Creators;Subscription;86;3;258;Peru;ClickFunnels;Paid Ads;9
05/04/2025;Mata;Male;AI Course for Beginners;E-book;33;5;165;Indonesia;Gumroad;TikTok;10
7/26/2024;Sheppard;Male;Webinar: Launch Your First Course;E-book;46;5;230;Belarus;Kajabi;YouTube;7
1/28/2025;Raquela;Female;Webinar: Launch Your First Course;Webinar;44;3;132;Indonesia;Kajabi;Instagram;6
6/22/2025;Wenona;Female;AI Course for Beginners;Course;36;2;72;Belarus;Shopify;Instagram;3
10/21/2024;Gypsy;Female;Notion Second Brain;E-book;79;5;395;China;Kajabi;Organic Search;3
04/05/2025;Yuma;Male;Productivity Booster Pack;Template;36;4;144;United States;Shopify;Paid Ads;2
9/24/2024;Aurelea;Female;Content Calendar Pro;Webinar;72;2;144;Croatia;Gumroad;Organic Search;1
9/27/2024;Chrotoem;Male;Content Calendar Pro;Webinar;148;3;444;United States;Direct;TikTok;7
11/19/2024;Kyle;Female;Financial Tracker;Subscription;128;1;128;Cayman Islands;Shopify;Organic Search;5
6/21/2025;Marielle;Female;Webinar: Launch Your First Course;Course;106;4;424;China;Gumroad;Affiliate;4
9/29/2024;Nikita;Male;Habit Tracker for Creators;Course;143;2;286;Brazil;ClickFunnels;Organic Search;4
3/30/2025;Prue;Female;Financial Tracker;Coaching Program;105;2;210;Peru;Teachable;YouTube;1
2/22/2025;Heindrick;Male;Project Management Toolkit;Webinar;23;4;92;Russia;Kajabi;Facebook Ads;8
12/11/2024;Mae;Female;Project Management Toolkit;Webinar;99;4;396;Finland;ClickFunnels;Paid Ads;3
12/24/2024;Whitaker;Male;Ultimate Planner Hub;Course;76;5;380;Indonesia;Teachable;TikTok;2
2/20/2025;Inger;Genderqueer;Project Management Toolkit;Subscription;96;4;384;China;ClickFunnels;Email;4
08/09/2024;Grayce;Female;Productivity Booster Pack;E-book;28;3;84;Zambia;Shopify;TikTok;10
10/15/2024;Pancho;Polygender;Financial Tracker;E-book;102;4;408;Afghanistan;Teachable;Email;7
11/12/2024;Gilberto;Male;Notion Second Brain;Webinar;64;2;128;Russia;Teachable;YouTube;10
10/24/2024;Larry;Male;Webinar: Launch Your First Course;Course;149;4;596;France;Shopify;Email;3
11/16/2024;Cherye;Female;Project Management Toolkit;Coaching Program;24;1;24;China;Shopify;Instagram;5
5/17/2025;Franky;Male;Webinar: Launch Your First Course;Subscription;146;3;438;China;Kajabi;YouTube;0
10/05/2024;Lelia;Female;Webinar: Launch Your First Course;Webinar;99;1;99;Poland;Shopify;TikTok;0
3/17/2025;Ludovika;Polygender;Masterclass: Digital Marketing;Coaching Program;97;1;97;Russia;ClickFunnels;Paid Ads;8
8/20/2024;Gorden;Male;Ultimate Planner Hub;Template;130;2;260;Thailand;Gumroad;Facebook Ads;0
2/27/2025;Ludvig;Male;Masterclass: Digital Marketing;Subscription;52;4;208;Tajikistan;Kajabi;Organic Search;0
5/24/2025;Koenraad;Male;Masterclass: Digital Marketing;E-book;76;3;228;Brazil;Gumroad;Affiliate;3
12/18/2024;Angie;Male;Webinar: Launch Your First Course;Coaching Program;59;2;118;Brazil;Direct;Paid Ads;7
06/12/2025;Job;Male;Webinar: Launch Your First Course;Course;148;3;444;Canada;Kajabi;Facebook Ads;6
3/25/2025;Ingrim;Male;Productivity Booster Pack;Template;44;5;220;Portugal;ClickFunnels;Affiliate;6
08/09/2024;Isabelita;Female;Financial Tracker;Template;35;5;175;Philippines;ClickFunnels;Affiliate;0
10/01/2024;Lay;Male;Content Calendar Pro;Course;61;2;122;Philippines;Gumroad;Facebook Ads;6
12/03/2024;Kizzie;Bigender;Ultimate Planner Hub;Coaching Program;125;2;250;Argentina;Teachable;YouTube;10
6/29/2024;Skippie;Male;Content Calendar Pro;Template;29;3;87;Portugal;Gumroad;Affiliate;4
11/23/2024;Courtnay;Male;Notion Second Brain;Subscription;92;4;368;Portugal;Direct;Paid Ads;7
3/22/2025;Mathilde;Female;Content Calendar Pro;Course;20;1;20;United States;Teachable;TikTok;7
7/25/2024;Antonella;Female;Financial Tracker;Template;76;1;76;Chile;ClickFunnels;Facebook Ads;1
09/10/2024;Galvan;Male;Masterclass: Digital Marketing;Template;55;4;220;Argentina;Direct;Instagram;0
07/12/2024;Armand;Male;Ultimate Planner Hub;Coaching Program;94;1;94;South Sudan;ClickFunnels;Paid Ads;5
10/10/2024;Augustine;Male;Notion Second Brain;Coaching Program;129;1;129;Russia;Kajabi;Organic Search;4
09/11/2024;Francis;Male;Webinar: Launch Your First Course;Subscription;101;2;202;Albania;Direct;Facebook Ads;8
12/10/2024;Martie;Male;Content Calendar Pro;Template;81;4;324;Philippines;Direct;Facebook Ads;1
08/11/2024;Madison;Male;Productivity Booster Pack;Subscription;68;3;204;China;Teachable;Instagram;4
7/15/2024;Dareen;Female;Ultimate Planner Hub;E-book;51;5;255;Ukraine;Gumroad;Affiliate;6
04/02/2025;Corinne;Agender;Masterclass: Digital Marketing;Webinar;148;4;592;China;Direct;Instagram;0
05/01/2025;Wallache;Genderqueer;Content Calendar Pro;Template;25;3;75;China;Teachable;Instagram;4
03/03/2025;Brendan;Bigender;Ultimate Planner Hub;Template;56;2;112;Colombia;Shopify;YouTube;2
9/30/2024;Izzy;Male;Project Management Toolkit;E-book;121;2;242;Poland;Gumroad;Affiliate;8
04/05/2025;Jacqui;Female;AI Course for Beginners;E-book;55;2;110;Indonesia;Teachable;Organic Search;7
11/06/2024;Andras;Male;Ultimate Planner Hub;Webinar;118;5;590;Indonesia;Shopify;Affiliate;10
4/13/2025;Ode;Male;AI Course for Beginners;Template;82;1;82;Russia;Teachable;Facebook Ads;4
06/03/2025;Hilde;Female;Notion Second Brain;E-book;98;4;392;Armenia;Kajabi;Paid Ads;4
8/16/2024;Ilene;Female;Productivity Booster Pack;Coaching Program;130;4;520;Philippines;Kajabi;YouTube;6
3/23/2025;Mame;Female;Masterclass: Digital Marketing;E-book;128;3;384;China;Shopify;Paid Ads;4
08/03/2024;Shadow;Male;Content Calendar Pro;Template;66;5;330;Hungary;ClickFunnels;Affiliate;2
2/16/2025;Betsey;Female;AI Course for Beginners;Template;69;4;276;France;Kajabi;Email;3
9/16/2024;Ardath;Polygender;Notion Second Brain;Webinar;86;3;258;China;Gumroad;Organic Search;2
6/25/2024;Farrah;Female;Notion Second Brain;Course;20;4;80;Costa Rica;ClickFunnels;Affiliate;6
1/13/2025;Aluin;Male;AI Course for Beginners;Template;88;1;88;Morocco;Direct;Paid Ads;8
07/01/2024;Fran;Male;Notion Second Brain;Subscription;81;1;81;Uruguay;Teachable;Facebook Ads;8
07/10/2024;Mattie;Male;Financial Tracker;Webinar;51;5;255;Indonesia;Direct;Affiliate;3
11/27/2024;Harman;Male;Habit Tracker for Creators;Course;79;5;395;Mongolia;Teachable;Email;0
11/11/2024;Dionisio;Male;Content Calendar Pro;E-book;19;5;95;China;Direct;Instagram;2
01/05/2025;Gabriele;Male;Habit Tracker for Creators;Coaching Program;31;1;31;Brazil;Kajabi;Email;8
9/23/2024;Filmer;Male;Project Management Toolkit;Course;26;2;52;Philippines;Teachable;Email;9
01/12/2025;Leona;Female;Productivity Booster Pack;Template;94;5;470;China;Shopify;Facebook Ads;6
2/22/2025;Neely;Female;Notion Second Brain;Course;36;3;108;Portugal;ClickFunnels;Email;5
06/10/2025;Weidar;Polygender;Masterclass: Digital Marketing;Template;101;4;404;Indonesia;Teachable;Affiliate;3
1/17/2025;Jarrad;Male;Productivity Booster Pack;Webinar;102;3;306;Sweden;Kajabi;Email;0
6/26/2024;Gifford;Male;Financial Tracker;Coaching Program;106;4;424;Turkmenistan;Shopify;TikTok;1
3/25/2025;Georgiana;Female;Notion Second Brain;E-book;45;5;225;Portugal;Shopify;YouTube;10
05/03/2025;Conny;Genderfluid;Notion Second Brain;Subscription;108;3;324;France;Direct;TikTok;5
9/15/2024;Benoite;Female;Notion Second Brain;Course;76;5;380;Argentina;Teachable;Organic Search;1
4/28/2025;Abba;Male;Masterclass: Digital Marketing;Subscription;116;5;580;United States;Direct;Instagram;8
3/16/2025;Antonietta;Bigender;Financial Tracker;Course;102;4;408;Panama;Teachable;Organic Search;3
12/24/2024;Baxie;Male;Project Management Toolkit;Template;48;4;192;China;Teachable;Facebook Ads;5
3/22/2025;Collette;Female;Masterclass: Digital Marketing;Webinar;29;3;87;Indonesia;Gumroad;Email;6
11/09/2024;Agnella;Female;Webinar: Launch Your First Course;E-book;57;5;285;Brazil;Shopify;Facebook Ads;1
06/07/2025;Muffin;Female;Habit Tracker for Creators;Webinar;38;5;190;China;Teachable;Instagram;3
04/10/2025;Ogden;Male;Ultimate Planner Hub;Subscription;60;1;60;Israel;Gumroad;Paid Ads;3
06/11/2025;Kerrin;Female;Productivity Booster Pack;Template;37;3;111;China;Kajabi;YouTube;8
2/18/2025;Lindsey;Male;Financial Tracker;Coaching Program;88;5;440;China;Teachable;TikTok;1
7/15/2024;Katy;Female;Content Calendar Pro;Subscription;142;3;426;Vietnam;Direct;Affiliate;3
3/22/2025;Roland;Male;Webinar: Launch Your First Course;Coaching Program;109;1;109;Russia;Direct;TikTok;10
3/26/2025;Fransisco;Male;Financial Tracker;Coaching Program;33;4;132;France;Teachable;Instagram;0
02/08/2025;Gilberte;Female;AI Course for Beginners;Course;38;3;114;New Zealand;Kajabi;Instagram;0
12/23/2024;Ilaire;Male;Ultimate Planner Hub;Subscription;121;4;484;Japan;ClickFunnels;Paid Ads;7
02/12/2025;Bent;Male;Masterclass: Digital Marketing;Template;117;1;117;France;Shopify;Facebook Ads;9
04/08/2025;Korie;Bigender;Financial Tracker;Subscription;63;2;126;Greece;Gumroad;TikTok;2
11/10/2024;Adriaens;Female;Project Management Toolkit;Subscription;45;3;135;China;Teachable;Instagram;8
12/09/2024;Danice;Female;Project Management Toolkit;E-book;120;1;120;China;Kajabi;Email;3
3/19/2025;Basia;Female;Notion Second Brain;E-book;116;4;464;Ukraine;Gumroad;TikTok;9
1/28/2025;Keith;Male;Content Calendar Pro;Webinar;98;1;98;South Korea;ClickFunnels;YouTube;4
12/30/2024;Davina;Female;Webinar: Launch Your First Course;Course;115;3;345;Thailand;Teachable;Email;5
11/01/2024;Gerik;Male;Notion Second Brain;Webinar;67;5;335;China;Gumroad;TikTok;8
01/06/2025;Carlye;Female;Notion Second Brain;Course;38;3;114;Portugal;Shopify;Instagram;4
9/19/2024;Eamon;Male;AI Course for Beginners;Coaching Program;55;5;275;Brunei;Teachable;TikTok;4
12/28/2024;Meade;Male;Project Management Toolkit;Webinar;30;4;120;Russia;ClickFunnels;YouTube;9
3/29/2025;Addy;Polygender;Content Calendar Pro;Template;86;2;172;France;Direct;Instagram;8
10/01/2024;Levey;Male;Notion Second Brain;Subscription;101;1;101;Mexico;Kajabi;Email;4
01/07/2025;Joey;Male;Financial Tracker;E-book;140;5;700;Indonesia;Shopify;YouTube;6
06/02/2025;Sapphire;Female;Productivity Booster Pack;Template;24;2;48;Czech Republic;ClickFunnels;Instagram;6
10/20/2024;Selene;Female;Financial Tracker;Webinar;42;2;84;Indonesia;Shopify;Email;7
10/13/2024;Twyla;Female;Project Management Toolkit;Coaching Program;45;5;225;Philippines;Kajabi;Organic Search;4
11/30/2024;Nollie;Male;Masterclass: Digital Marketing;E-book;100;3;300;Philippines;Gumroad;Affiliate;9
10/14/2024;Janeen;Female;Project Management Toolkit;Subscription;130;4;520;Madagascar;Teachable;Email;4
5/23/2025;Alice;Female;Ultimate Planner Hub;Course;92;2;184;Philippines;Teachable;Facebook Ads;6
9/20/2024;Joice;Female;Financial Tracker;Template;76;4;304;Chile;Shopify;YouTube;9
3/19/2025;Eddy;Female;Webinar: Launch Your First Course;Template;137;1;137;Portugal;Direct;Email;6
10/13/2024;Lorrie;Female;Notion Second Brain;Coaching Program;119;4;476;Indonesia;Direct;Organic Search;9
4/14/2025;Hanson;Non-binary;Notion Second Brain;Template;64;1;64;Russia;Kajabi;Email;8
07/06/2024;Izaak;Agender;Habit Tracker for Creators;Course;124;2;248;Azerbaijan;ClickFunnels;Email;2
2/21/2025;Mano;Male;Content Calendar Pro;Subscription;23;4;92;Dominican Republic;Direct;TikTok;6
8/22/2024;Gav;Male;Notion Second Brain;Webinar;56;1;56;Philippines;Direct;Email;6
04/12/2025;Ware;Male;Notion Second Brain;Coaching Program;48;2;96;China;Shopify;Email;10
12/13/2024;Connie;Male;Ultimate Planner Hub;E-book;73;3;219;Peru;Shopify;Instagram;7
1/13/2025;Sheelagh;Female;Project Management Toolkit;Coaching Program;65;2;130;Ukraine;Gumroad;Email;0
12/11/2024;Inessa;Female;Financial Tracker;Webinar;93;3;279;Indonesia;Gumroad;Email;10
09/02/2024;Darill;Male;Financial Tracker;Webinar;39;4;156;Russia;Direct;Affiliate;3
10/09/2024;Nappie;Male;Financial Tracker;Template;57;1;57;Sweden;Direct;Email;10
09/04/2024;Britteny;Polygender;Notion Second Brain;E-book;54;4;216;Uruguay;Teachable;Organic Search;3
04/09/2025;Gustav;Male;Ultimate Planner Hub;Webinar;25;1;25;China;Teachable;YouTube;3
6/29/2024;Marleen;Genderqueer;Masterclass: Digital Marketing;Course;113;1;113;Nigeria;Direct;TikTok;3
07/11/2024;Stanford;Male;Productivity Booster Pack;Course;63;3;189;Chile;Teachable;Organic Search;10
2/28/2025;Koressa;Female;Ultimate Planner Hub;Webinar;41;5;205;China;Shopify;Facebook Ads;4
06/12/2025;Melinda;Female;Webinar: Launch Your First Course;Course;59;2;118;South Korea;Direct;Affiliate;6
06/12/2025;Gib;Male;Ultimate Planner Hub;E-book;128;1;128;United States;ClickFunnels;Instagram;5
5/30/2025;Britni;Female;Ultimate Planner Hub;Template;82;4;328;Croatia;Direct;Organic Search;4
9/29/2024;Jori;Female;Ultimate Planner Hub;Coaching Program;133;5;665;Indonesia;Gumroad;Email;9
07/12/2024;Orelle;Female;Webinar: Launch Your First Course;Template;100;2;200;China;ClickFunnels;Instagram;8
12/07/2024;Izzy;Male;AI Course for Beginners;Template;20;1;20;Switzerland;Teachable;Paid Ads;4
4/18/2025;Venus;Female;Masterclass: Digital Marketing;Webinar;27;5;135;Indonesia;Direct;Affiliate;7
12/09/2024;Reube;Male;Habit Tracker for Creators;Coaching Program;23;2;46;China;Gumroad;Email;2
7/24/2024;Libby;Female;AI Course for Beginners;Subscription;107;2;214;China;ClickFunnels;Paid Ads;10
02/07/2025;Maura;Female;Habit Tracker for Creators;Webinar;140;2;280;France;Direct;YouTube;0
3/30/2025;Heall;Male;Financial Tracker;Webinar;30;1;30;Indonesia;Teachable;Instagram;7
1/28/2025;Bradan;Male;Notion Second Brain;Subscription;144;2;288;Colombia;ClickFunnels;TikTok;10
06/08/2025;Valentin;Male;Notion Second Brain;E-book;108;5;540;Germany;Direct;TikTok;9
9/26/2024;Lorry;Male;Content Calendar Pro;Webinar;98;4;392;Antigua and Barbuda;Kajabi;YouTube;0
04/07/2025;Caz;Male;Masterclass: Digital Marketing;Webinar;129;1;129;Portugal;Kajabi;Facebook Ads;7
03/12/2025;Carmel;Bigender;AI Course for Beginners;Webinar;107;3;321;Argentina;Kajabi;Organic Search;3
05/04/2025;Sutherlan;Male;Ultimate Planner Hub;Subscription;53;5;265;China;Direct;Facebook Ads;8
11/27/2024;Mommy;Female;Financial Tracker;Template;126;2;252;Lebanon;Direct;Email;8
9/17/2024;Hunt;Bigender;AI Course for Beginners;Template;22;1;22;Greece;Kajabi;YouTube;9
1/18/2025;Ali;Male;Financial Tracker;Coaching Program;31;4;124;Philippines;ClickFunnels;YouTube;5
12/11/2024;Cathie;Female;Productivity Booster Pack;Subscription;140;4;560;Afghanistan;Gumroad;Email;8
1/24/2025;Hayley;Female;Financial Tracker;Coaching Program;148;3;444;Cameroon;Teachable;Organic Search;7
11/14/2024;Jessa;Female;Habit Tracker for Creators;Coaching Program;131;5;655;Colombia;Kajabi;YouTube;2
01/12/2025;Rodolphe;Male;Habit Tracker for Creators;E-book;108;5;540;Russia;Gumroad;Affiliate;5
11/01/2024;Dale;Female;Notion Second Brain;E-book;59;4;236;China;Direct;Instagram;3
02/07/2025;Abbe;Male;Project Management Toolkit;Subscription;78;1;78;Czech Republic;Teachable;Affiliate;10
6/18/2025;Frans;Male;Masterclass: Digital Marketing;Course;122;1;122;China;ClickFunnels;YouTube;0
02/03/2025;Willette;Female;Content Calendar Pro;Course;114;4;456;Thailand;Direct;Instagram;3
12/27/2024;Ashil;Female;Masterclass: Digital Marketing;Subscription;24;1;24;Argentina;Direct;TikTok;4
07/08/2024;Darelle;Female;Masterclass: Digital Marketing;Webinar;102;3;306;Russia;ClickFunnels;Affiliate;3
3/28/2025;Alvera;Female;Webinar: Launch Your First Course;Subscription;52;2;104;Poland;Direct;Paid Ads;8
06/01/2025;Rikki;Male;AI Course for Beginners;E-book;119;2;238;Ireland;Teachable;Instagram;0
3/21/2025;Nadiya;Female;Content Calendar Pro;E-book;117;3;351;Indonesia;ClickFunnels;Facebook Ads;6
7/13/2024;Archibold;Male;Webinar: Launch Your First Course;Template;54;4;216;Japan;Kajabi;Instagram;8
8/26/2024;Margette;Female;Project Management Toolkit;Webinar;24;3;72;Japan;Direct;Facebook Ads;2
7/17/2024;Timotheus;Male;Content Calendar Pro;Subscription;105;5;525;Tunisia;Teachable;Email;4
12/31/2024;Mahmoud;Non-binary;Notion Second Brain;Subscription;59;1;59;Indonesia;Shopify;Email;3
12/07/2024;Virginie;Female;Ultimate Planner Hub;Webinar;32;2;64;China;Kajabi;YouTube;10
1/14/2025;Hobie;Male;Productivity Booster Pack;Subscription;125;2;250;Tunisia;Gumroad;Instagram;0
01/10/2025;Marlo;Bigender;Habit Tracker for Creators;Webinar;100;2;200;Peru;Teachable;Email;3
12/12/2024;Corie;Female;Ultimate Planner Hub;Template;67;5;335;South Africa;Teachable;Email;3
3/15/2025;Friedrick;Male;Habit Tracker for Creators;Template;55;2;110;Argentina;Direct;Organic Search;8
10/04/2024;Silva;Female;Productivity Booster Pack;Template;76;1;76;Greece;Direct;Instagram;8
5/21/2025;Cody;Male;Content Calendar Pro;Course;100;2;200;Indonesia;Shopify;Instagram;0
08/12/2024;Heidi;Female;Masterclass: Digital Marketing;Template;116;1;116;Japan;ClickFunnels;Paid Ads;3
08/09/2024;Leroi;Male;Ultimate Planner Hub;Coaching Program;103;1;103;Philippines;ClickFunnels;Instagram;10
05/05/2025;Happy;Female;AI Course for Beginners;Course;88;1;88;Indonesia;Direct;Paid Ads;8
02/06/2025;Greggory;Male;Productivity Booster Pack;Coaching Program;51;3;153;Poland;Direct;TikTok;9
5/15/2025;Zak;Male;Habit Tracker for Creators;Webinar;32;4;128;Czech Republic;Direct;Instagram;4
04/05/2025;Paulie;Male;Productivity Booster Pack;Webinar;103;3;309;Sudan;Shopify;TikTok;1
11/03/2024;Nonah;Female;Project Management Toolkit;Webinar;79;4;316;Poland;Direct;Affiliate;2
1/30/2025;Sashenka;Female;Ultimate Planner Hub;Webinar;145;1;145;China;Gumroad;Paid Ads;4
05/06/2025;Nariko;Female;Webinar: Launch Your First Course;Coaching Program;47;5;235;Philippines;Shopify;TikTok;0
3/30/2025;Tarra;Polygender;AI Course for Beginners;Webinar;136;3;408;China;ClickFunnels;TikTok;6
11/25/2024;Perri;Female;Masterclass: Digital Marketing;Course;89;5;445;Finland;Kajabi;TikTok;0
9/21/2024;Flynn;Male;Masterclass: Digital Marketing;Template;48;3;144;Sweden;Kajabi;Organic Search;8
2/22/2025;Cully;Male;Masterclass: Digital Marketing;E-book;88;4;352;Canada;Gumroad;Instagram;9
07/02/2024;Arlen;Female;Financial Tracker;Template;126;1;126;Mexico;ClickFunnels;Instagram;8
8/20/2024;Katharine;Female;Webinar: Launch Your First Course;Course;88;5;440;Tanzania;Teachable;Instagram;7
09/08/2024;Augustus;Agender;AI Course for Beginners;Coaching Program;29;1;29;China;Teachable;Organic Search;9
03/09/2025;Peirce;Male;Financial Tracker;Webinar;44;4;176;Philippines;Teachable;TikTok;6
2/17/2025;Myrtice;Female;Productivity Booster Pack;Template;120;4;480;China;Shopify;TikTok;7
1/18/2025;Sammy;Female;Ultimate Planner Hub;Template;62;2;124;Uganda;Kajabi;Organic Search;6
04/06/2025;Moreen;Non-binary;Masterclass: Digital Marketing;Course;121;2;242;Colombia;ClickFunnels;Affiliate;2
5/30/2025;Jennilee;Female;Webinar: Launch Your First Course;Template;25;4;100;Kyrgyzstan;Shopify;Facebook Ads;8
2/19/2025;Adler;Male;Content Calendar Pro;Course;116;1;116;Brazil;Kajabi;Email;1
8/25/2024;Elyn;Female;Habit Tracker for Creators;E-book;54;3;162;Nigeria;Teachable;Organic Search;3
11/18/2024;Shepherd;Male;Financial Tracker;E-book;119;1;119;Indonesia;Teachable;TikTok;9
9/22/2024;Ronald;Male;Masterclass: Digital Marketing;Course;119;1;119;China;ClickFunnels;YouTube;0
5/25/2025;Delora;Female;Notion Second Brain;Subscription;75;2;150;Russia;Gumroad;Paid Ads;10
11/21/2024;Evvie;Female;Habit Tracker for Creators;Webinar;129;4;516;Belarus;Shopify;Facebook Ads;9
11/12/2024;Nari;Female;AI Course for Beginners;Template;22;4;88;China;Kajabi;Organic Search;6
6/29/2024;Jessalin;Female;Webinar: Launch Your First Course;Template;31;4;124;Indonesia;Kajabi;Organic Search;7
12/16/2024;Hillel;Male;Ultimate Planner Hub;Webinar;39;1;39;Azerbaijan;Direct;Paid Ads;7
1/17/2025;Gerda;Female;Project Management Toolkit;Coaching Program;149;1;149;Germany;Gumroad;Organic Search;7
3/13/2025;Amara;Female;Ultimate Planner Hub;Coaching Program;59;3;177;Indonesia;Gumroad;Email;1
9/28/2024;Gustaf;Male;Project Management Toolkit;Coaching Program;107;5;535;Curacao;Kajabi;Organic Search;0
1/21/2025;Norrie;Female;Content Calendar Pro;Course;89;2;178;Serbia;Teachable;Affiliate;3
12/28/2024;Edmund;Male;Webinar: Launch Your First Course;Coaching Program;148;2;296;Russia;Gumroad;YouTube;1
02/11/2025;Raddie;Bigender;Productivity Booster Pack;Subscription;24;1;24;China;Teachable;Email;0
3/23/2025;Glenn;Male;Webinar: Launch Your First Course;Webinar;59;4;236;Uganda;Teachable;Email;7
01/12/2025;Charlot;Female;Masterclass: Digital Marketing;E-book;120;3;360;Indonesia;Direct;Paid Ads;10
10/27/2024;Jess;Male;Webinar: Launch Your First Course;Webinar;26;2;52;Haiti;Shopify;TikTok;8
3/22/2025;Costanza;Bigender;AI Course for Beginners;E-book;121;1;121;United States;Kajabi;Email;10
05/07/2025;Nevile;Genderqueer;Masterclass: Digital Marketing;Coaching Program;115;5;575;Indonesia;Teachable;Facebook Ads;6
2/25/2025;Clark;Male;Financial Tracker;Subscription;40;1;40;Morocco;ClickFunnels;TikTok;6
3/23/2025;Phip;Male;Productivity Booster Pack;E-book;75;5;375;China;ClickFunnels;YouTube;7
10/15/2024;Lorrayne;Genderqueer;Notion Second Brain;Course;21;2;42;Czech Republic;Kajabi;Affiliate;10
6/14/2025;Emlynn;Female;Notion Second Brain;Webinar;40;5;200;Portugal;Shopify;TikTok;1
11/26/2024;Sonnie;Male;Ultimate Planner Hub;Coaching Program;78;1;78;South Africa;Direct;Facebook Ads;9
2/28/2025;Claudie;Genderqueer;Habit Tracker for Creators;Coaching Program;132;5;660;Sweden;Kajabi;Paid Ads;2
03/12/2025;Celinka;Female;AI Course for Beginners;Webinar;59;1;59;France;Shopify;Organic Search;10
11/10/2024;Benita;Female;AI Course for Beginners;Webinar;82;5;410;Greece;Teachable;Email;10
12/23/2024;Hector;Male;AI Course for Beginners;Coaching Program;103;5;515;Peru;Shopify;YouTube;1
11/20/2024;Starlene;Female;Masterclass: Digital Marketing;E-book;23;1;23;China;Kajabi;YouTube;0
07/08/2024;Sigvard;Male;Webinar: Launch Your First Course;Coaching Program;146;4;584;Costa Rica;Teachable;Affiliate;9
12/12/2024;Davie;Male;Project Management Toolkit;Subscription;30;3;90;Philippines;ClickFunnels;TikTok;0
01/05/2025;Cher;Female;Habit Tracker for Creators;Subscription;54;1;54;Philippines;ClickFunnels;Paid Ads;4
1/24/2025;Berton;Genderqueer;Project Management Toolkit;E-book;124;1;124;Tunisia;Teachable;TikTok;8
10/08/2024;Matilda;Female;Webinar: Launch Your First Course;E-book;131;1;131;Colombia;Kajabi;Instagram;10
02/03/2025;Rosalynd;Female;Content Calendar Pro;Webinar;143;3;429;Philippines;ClickFunnels;Affiliate;6
12/19/2024;Ashley;Male;Masterclass: Digital Marketing;Coaching Program;62;3;186;Argentina;Shopify;YouTube;8
6/25/2024;Ranee;Female;Content Calendar Pro;Course;27;1;27;Canada;ClickFunnels;Organic Search;4
08/06/2024;Eimile;Female;Financial Tracker;Subscription;21;3;63;Indonesia;Gumroad;Affiliate;6
10/03/2024;Eleanor;Female;Masterclass: Digital Marketing;Subscription;106;1;106;Mexico;Kajabi;Affiliate;8
6/27/2024;Addison;Male;Project Management Toolkit;Coaching Program;67;2;134;Poland;Teachable;Facebook Ads;9
6/14/2025;Claiborne;Male;Notion Second Brain;E-book;126;1;126;Peru;Shopify;TikTok;0
12/18/2024;Jeremie;Male;Project Management Toolkit;Subscription;82;1;82;China;Shopify;Organic Search;5
04/12/2025;Ciel;Female;Financial Tracker;Template;39;4;156;United States;Teachable;Paid Ads;2
08/01/2024;Idelle;Female;Webinar: Launch Your First Course;Coaching Program;121;5;605;Indonesia;ClickFunnels;TikTok;7
06/04/2025;Renelle;Female;Notion Second Brain;Coaching Program;46;1;46;Thailand;Gumroad;Instagram;8
11/08/2024;Delaney;Male;Habit Tracker for Creators;Course;92;5;460;Indonesia;ClickFunnels;Paid Ads;0
7/16/2024;Dora;Female;Productivity Booster Pack;Subscription;65;2;130;Russia;Kajabi;YouTube;7
8/27/2024;Evelin;Male;Webinar: Launch Your First Course;Webinar;123;1;123;Brazil;Kajabi;Email;6
06/12/2025;Ashla;Female;AI Course for Beginners;Course;137;3;411;China;Teachable;Email;9
5/18/2025;Reinold;Male;Content Calendar Pro;Template;72;5;360;Croatia;Kajabi;Facebook Ads;8
04/12/2025;Paloma;Female;Productivity Booster Pack;Subscription;146;4;584;China;Shopify;Instagram;2
10/07/2024;Tybie;Female;Financial Tracker;Subscription;43;2;86;Argentina;Shopify;Paid Ads;1
11/27/2024;Gregor;Male;Notion Second Brain;E-book;124;5;620;Indonesia;Teachable;TikTok;7
02/05/2025;Audrye;Female;Habit Tracker for Creators;Subscription;109;5;545;Brazil;Kajabi;Facebook Ads;8
1/26/2025;Catharina;Female;Masterclass: Digital Marketing;Course;98;5;490;Indonesia;Shopify;Organic Search;9
10/04/2024;Wallis;Male;Webinar: Launch Your First Course;Subscription;140;5;700;Netherlands;Teachable;Affiliate;4
04/01/2025;Dennie;Male;Webinar: Launch Your First Course;Template;144;1;144;Iran;Teachable;Affiliate;1
03/11/2025;Durward;Male;Productivity Booster Pack;Webinar;76;5;380;Morocco;Teachable;YouTube;5
4/16/2025;Ravid;Male;Project Management Toolkit;E-book;130;3;390;El Salvador;ClickFunnels;Paid Ads;9
12/14/2024;Wayne;Male;Content Calendar Pro;E-book;40;1;40;Dominica;Kajabi;Paid Ads;6
10/21/2024;Graig;Male;Content Calendar Pro;Webinar;58;1;58;Iraq;Shopify;YouTube;4
4/26/2025;Galvin;Male;Habit Tracker for Creators;E-book;102;3;306;Brazil;Kajabi;Facebook Ads;4
4/22/2025;Cory;Male;Webinar: Launch Your First Course;Subscription;101;3;303;Brazil;ClickFunnels;Instagram;7
4/22/2025;Lezley;Male;Masterclass: Digital Marketing;Subscription;68;1;68;Libya;Gumroad;Affiliate;7
03/08/2025;Emmett;Male;Webinar: Launch Your First Course;Coaching Program;20;5;100;China;Direct;Affiliate;9
2/18/2025;Hulda;Female;Ultimate Planner Hub;Coaching Program;122;3;366;Indonesia;Direct;Affiliate;1
03/08/2025;Conney;Male;Masterclass: Digital Marketing;Coaching Program;34;4;136;China;Teachable;Affiliate;6
10/15/2024;Brett;Male;Productivity Booster Pack;Coaching Program;51;2;102;Peru;Kajabi;Affiliate;3
06/08/2025;Joseito;Male;Content Calendar Pro;Subscription;61;2;122;China;Gumroad;Instagram;9
2/24/2025;Brietta;Genderfluid;Webinar: Launch Your First Course;Coaching Program;80;1;80;Russia;ClickFunnels;Instagram;4
04/01/2025;Octavius;Male;Project Management Toolkit;Subscription;52;1;52;United States;Gumroad;Affiliate;0
7/21/2024;Rubie;Female;Project Management Toolkit;Course;82;3;246;Sweden;Shopify;Email;5
10/14/2024;Magnum;Male;Notion Second Brain;Coaching Program;67;3;201;Indonesia;Kajabi;Affiliate;0
07/03/2024;Efrem;Male;Project Management Toolkit;E-book;67;3;201;Japan;Teachable;Organic Search;3
8/14/2024;Teddi;Female;Productivity Booster Pack;E-book;67;2;134;Ecuador;Kajabi;Affiliate;9
06/12/2025;Geordie;Male;Notion Second Brain;Subscription;97;1;97;Honduras;Teachable;Email;3
10/04/2024;Clareta;Female;Financial Tracker;Coaching Program;46;4;184;Iran;Gumroad;Email;8
07/04/2024;Lonny;Male;Webinar: Launch Your First Course;Coaching Program;39;2;78;Russia;ClickFunnels;TikTok;7
03/06/2025;Leelah;Female;AI Course for Beginners;E-book;66;4;264;Indonesia;Gumroad;YouTube;4
8/22/2024;Brenn;Female;Productivity Booster Pack;Subscription;68;4;272;Poland;Kajabi;Organic Search;0
3/26/2025;Yulma;Male;Project Management Toolkit;Template;112;2;224;China;ClickFunnels;Instagram;4
07/12/2024;Alphonso;Male;Habit Tracker for Creators;Coaching Program;145;5;725;Indonesia;Direct;YouTube;9
10/18/2024;Alasdair;Male;Project Management Toolkit;Coaching Program;98;4;392;Myanmar;Teachable;TikTok;0
1/25/2025;Rania;Female;Habit Tracker for Creators;Webinar;92;5;460;China;Kajabi;Organic Search;3
4/27/2025;Marie-ann;Female;Notion Second Brain;Coaching Program;141;4;564;Philippines;ClickFunnels;Organic Search;10
4/19/2025;Aleksandr;Male;Financial Tracker;Template;97;3;291;Poland;Direct;TikTok;2
7/17/2024;Elaine;Female;Notion Second Brain;Course;56;3;168;Morocco;Direct;Paid Ads;9
3/27/2025;Valaria;Genderqueer;Masterclass: Digital Marketing;E-book;139;2;278;Sweden;ClickFunnels;Affiliate;8
06/09/2025;Marne;Female;Masterclass: Digital Marketing;Course;106;2;212;Honduras;Kajabi;Facebook Ads;9
6/17/2025;Frederick;Male;Financial Tracker;E-book;147;3;441;Sweden;Gumroad;Facebook Ads;2
6/27/2024;Giles;Male;Productivity Booster Pack;Coaching Program;137;4;548;Mexico;Shopify;YouTube;7
03/01/2025;Wilhelmine;Female;Content Calendar Pro;E-book;61;4;244;Indonesia;Shopify;YouTube;3
12/24/2024;Mickie;Female;Financial Tracker;Coaching Program;60;3;180;Greece;Shopify;TikTok;8
12/24/2024;Lilyan;Bigender;Webinar: Launch Your First Course;Course;103;4;412;Madagascar;Gumroad;Facebook Ads;10
02/06/2025;Joshuah;Male;Webinar: Launch Your First Course;Coaching Program;103;3;309;United States;Gumroad;Organic Search;1
5/31/2025;Sabrina;Genderfluid;AI Course for Beginners;Course;79;4;316;New Caledonia;Kajabi;TikTok;2
05/09/2025;Torie;Female;Financial Tracker;Template;87;5;435;France;Kajabi;TikTok;0
09/03/2024;Barron;Male;Content Calendar Pro;Template;55;4;220;Brazil;ClickFunnels;Instagram;2
11/28/2024;Austine;Female;Ultimate Planner Hub;Course;148;1;148;Indonesia;Kajabi;Instagram;5
10/15/2024;Mathilde;Female;Financial Tracker;E-book;91;3;273;China;Shopify;Facebook Ads;7
04/09/2025;Emmey;Female;Productivity Booster Pack;Coaching Program;145;2;290;Czech Republic;Kajabi;Email;8
04/09/2025;Lodovico;Male;Webinar: Launch Your First Course;Coaching Program;134;3;402;Brazil;Shopify;Organic Search;9
12/24/2024;Gregoire;Male;Financial Tracker;Subscription;44;4;176;Philippines;Direct;Paid Ads;6
4/30/2025;Benjamin;Male;Notion Second Brain;Webinar;41;1;41;China;Shopify;Paid Ads;2
8/14/2024;Christoper;Male;Ultimate Planner Hub;Template;22;2;44;China;Shopify;Paid Ads;8
8/24/2024;Donelle;Female;Content Calendar Pro;Course;137;2;274;China;Direct;TikTok;8
4/22/2025;Debi;Female;Productivity Booster Pack;Course;91;4;364;South Africa;Teachable;YouTube;3
5/27/2025;Neddie;Male;Content Calendar Pro;Subscription;115;5;575;China;Shopify;Paid Ads;4
05/07/2025;Hanan;Bigender;Masterclass: Digital Marketing;Course;93;1;93;United States;Shopify;Email;9
10/21/2024;Vanni;Female;Masterclass: Digital Marketing;Coaching Program;30;4;120;Colombia;ClickFunnels;Paid Ads;3
6/22/2025;Katharina;Non-binary;AI Course for Beginners;Subscription;92;3;276;Afghanistan;Shopify;Affiliate;3
5/23/2025;Turner;Male;Notion Second Brain;Coaching Program;121;5;605;Argentina;ClickFunnels;Paid Ads;4
12/24/2024;Alyse;Female;Masterclass: Digital Marketing;Template;61;4;244;Portugal;Shopify;Email;4
1/23/2025;Willamina;Female;Financial Tracker;Template;139;5;695;Japan;Direct;Organic Search;10
11/13/2024;Kim;Female;Content Calendar Pro;E-book;57;5;285;China;Gumroad;Instagram;8
10/04/2024;Candide;Female;Financial Tracker;Subscription;132;3;396;Mozambique;Kajabi;Paid Ads;5
5/31/2025;Sallee;Genderqueer;Content Calendar Pro;Coaching Program;130;4;520;Mexico;Teachable;YouTube;9
02/02/2025;Base;Male;Productivity Booster Pack;Coaching Program;61;1;61;France;Kajabi;Organic Search;2
07/01/2024;Caro;Female;Productivity Booster Pack;Webinar;26;4;104;Costa Rica;Gumroad;Email;7
5/17/2025;Ted;Male;Masterclass: Digital Marketing;Subscription;32;4;128;China;Kajabi;Paid Ads;9
05/10/2025;Shaylah;Female;AI Course for Beginners;Coaching Program;36;5;180;China;Teachable;Instagram;2
06/05/2025;Arne;Male;Project Management Toolkit;Template;58;5;290;Japan;Teachable;Affiliate;10
12/31/2024;Jamie;Male;Project Management Toolkit;Template;54;2;108;Ireland;Shopify;Organic Search;10
10/06/2024;Rance;Male;Masterclass: Digital Marketing;E-book;65;2;130;Brazil;Kajabi;Instagram;0
2/21/2025;Hamel;Male;Masterclass: Digital Marketing;Subscription;100;3;300;Poland;Teachable;Paid Ads;5
2/26/2025;Beale;Genderfluid;Habit Tracker for Creators;Webinar;75;5;375;Peru;Direct;Email;2
7/26/2024;Norah;Female;AI Course for Beginners;Webinar;56;5;280;Lithuania;ClickFunnels;Organic Search;1
03/08/2025;Selig;Male;Masterclass: Digital Marketing;Coaching Program;140;2;280;Pakistan;ClickFunnels;YouTube;1
11/25/2024;Evin;Male;Project Management Toolkit;Course;121;2;242;Brazil;ClickFunnels;Affiliate;3
5/30/2025;Cornall;Male;Project Management Toolkit;Subscription;31;1;31;Poland;Kajabi;Email;9
2/21/2025;Maurie;Male;Productivity Booster Pack;Template;59;3;177;Trinidad and Tobago;ClickFunnels;Instagram;1
08/01/2024;Maryanna;Female;AI Course for Beginners;Course;136;1;136;Finland;Teachable;Facebook Ads;6
2/22/2025;Grata;Female;Notion Second Brain;Course;136;1;136;China;Shopify;Facebook Ads;3
02/09/2025;Chelsea;Bigender;Financial Tracker;Template;58;4;232;Brazil;Shopify;Facebook Ads;2
7/17/2024;Myrle;Bigender;Webinar: Launch Your First Course;Template;135;3;405;Poland;Direct;Paid Ads;3
04/10/2025;Tuck;Bigender;Financial Tracker;Webinar;49;2;98;China;Teachable;Affiliate;6
12/10/2024;Alan;Male;Project Management Toolkit;E-book;107;3;321;Indonesia;Kajabi;Instagram;2
11/23/2024;Joelynn;Female;Productivity Booster Pack;Webinar;74;3;222;China;Direct;Organic Search;10
8/27/2024;Goraud;Male;Notion Second Brain;Coaching Program;57;5;285;China;Direct;Affiliate;5
06/03/2025;Clarice;Female;AI Course for Beginners;Template;88;2;176;South Korea;Gumroad;Facebook Ads;4
4/19/2025;Oralle;Female;Notion Second Brain;Webinar;72;1;72;China;Shopify;Paid Ads;2
12/03/2024;Ian;Male;Content Calendar Pro;Course;130;1;130;China;Direct;Paid Ads;9
10/05/2024;Kimble;Male;Webinar: Launch Your First Course;Webinar;104;4;416;Japan;Gumroad;Facebook Ads;6
1/19/2025;Dunc;Male;Project Management Toolkit;Template;65;3;195;Egypt;Gumroad;Email;7
10/31/2024;Storm;Female;Productivity Booster Pack;Course;104;4;416;Indonesia;Gumroad;Facebook Ads;10
01/10/2025;Elvyn;Male;Productivity Booster Pack;Subscription;101;1;101;Nigeria;ClickFunnels;Email;3
08/06/2024;Matthew;Male;Notion Second Brain;Webinar;62;4;248;Canada;Kajabi;Paid Ads;1
7/23/2024;Eberhard;Male;Project Management Toolkit;Webinar;59;1;59;Philippines;Direct;TikTok;8
4/13/2025;Goldina;Female;Habit Tracker for Creators;E-book;88;4;352;Brazil;Teachable;Organic Search;3
10/06/2024;Rockie;Polygender;Financial Tracker;Coaching Program;80;4;320;Indonesia;Shopify;Facebook Ads;10
1/31/2025;Hamlin;Male;Habit Tracker for Creators;Coaching Program;70;4;280;Saudi Arabia;Kajabi;Facebook Ads;7
03/09/2025;Lainey;Female;Financial Tracker;Template;129;2;258;Moldova;Shopify;Email;7
09/03/2024;Anica;Female;AI Course for Beginners;Webinar;113;4;452;Brazil;ClickFunnels;Facebook Ads;8
08/10/2024;Whit;Male;Habit Tracker for Creators;Coaching Program;124;4;496;United States;Shopify;Email;2
3/17/2025;Cathrin;Female;Notion Second Brain;Subscription;34;5;170;Ethiopia;Direct;Paid Ads;9
6/14/2025;Boniface;Non-binary;Content Calendar Pro;E-book;58;2;116;China;Teachable;Facebook Ads;7
06/02/2025;Edy;Female;Ultimate Planner Hub;Course;20;2;40;Serbia;Kajabi;Facebook Ads;1
09/09/2024;Lurline;Female;Financial Tracker;Webinar;58;3;174;Afghanistan;Teachable;Affiliate;4
10/10/2024;Harriot;Female;Ultimate Planner Hub;Webinar;103;5;515;Japan;ClickFunnels;Paid Ads;1
5/31/2025;Bartolemo;Male;Content Calendar Pro;Webinar;64;1;64;Azerbaijan;Direct;Instagram;8
1/20/2025;Elwira;Female;Habit Tracker for Creators;Template;77;3;231;Armenia;Gumroad;Affiliate;2
6/27/2024;Shawn;Genderqueer;Content Calendar Pro;Template;65;1;65;China;ClickFunnels;YouTube;8
5/23/2025;Crista;Female;Ultimate Planner Hub;Coaching Program;96;2;192;Argentina;ClickFunnels;Paid Ads;5
08/08/2024;Muriel;Female;Financial Tracker;E-book;148;2;296;Indonesia;Kajabi;Paid Ads;4
8/26/2024;Joanie;Female;Project Management Toolkit;Course;57;2;114;South Africa;Shopify;TikTok;9
02/10/2025;Bryce;Male;Masterclass: Digital Marketing;Subscription;66;1;66;Russia;ClickFunnels;Paid Ads;8
02/02/2025;Gael;Male;Notion Second Brain;Subscription;143;4;572;North Korea;Shopify;Instagram;6
7/26/2024;Lucio;Male;Habit Tracker for Creators;Course;92;2;184;Canada;Gumroad;Facebook Ads;1
6/22/2025;Skipper;Male;Masterclass: Digital Marketing;Course;83;2;166;Burkina Faso;Gumroad;Organic Search;1
04/01/2025;Ernesto;Male;Habit Tracker for Creators;Coaching Program;127;2;254;Indonesia;Gumroad;Affiliate;6
6/29/2024;Mitchael;Male;Productivity Booster Pack;Course;119;3;357;Portugal;ClickFunnels;TikTok;5
7/21/2024;Ileane;Female;Productivity Booster Pack;Subscription;51;5;255;Russia;Gumroad;TikTok;6
02/01/2025;Andree;Female;Project Management Toolkit;Course;112;5;560;Serbia;ClickFunnels;Affiliate;10
12/21/2024;Jannelle;Female;Webinar: Launch Your First Course;Coaching Program;58;1;58;Serbia;Shopify;YouTube;2
1/29/2025;Lyndsie;Female;Content Calendar Pro;Template;21;1;21;China;Gumroad;Paid Ads;9
6/24/2025;Hillyer;Male;Content Calendar Pro;Course;94;3;282;China;Teachable;Paid Ads;9
5/27/2025;Kassandra;Female;Productivity Booster Pack;E-book;53;2;106;Uruguay;Teachable;Affiliate;8
10/28/2024;Imelda;Female;Ultimate Planner Hub;Webinar;92;4;368;China;ClickFunnels;Organic Search;5
10/25/2024;Kurtis;Male;Ultimate Planner Hub;E-book;76;3;228;Uruguay;Gumroad;Instagram;7
5/26/2025;Dacia;Female;Content Calendar Pro;Webinar;102;3;306;Poland;Kajabi;Affiliate;9
4/18/2025;Dulcea;Female;Financial Tracker;Webinar;109;4;436;South Africa;Shopify;Instagram;3
3/31/2025;Celestine;Female;Ultimate Planner Hub;Course;106;2;212;China;Shopify;Email;4
11/21/2024;Barty;Bigender;Content Calendar Pro;Subscription;129;2;258;China;Teachable;Affiliate;6
12/15/2024;Cristobal;Male;Productivity Booster Pack;Webinar;53;3;159;Poland;Teachable;TikTok;6
05/12/2025;Trina;Female;Masterclass: Digital Marketing;Template;124;4;496;China;Gumroad;TikTok;5
06/11/2025;Dasie;Female;AI Course for Beginners;E-book;58;3;174;Norway;Gumroad;Paid Ads;8
08/10/2024;Curran;Male;Notion Second Brain;Webinar;70;4;280;Croatia;Kajabi;TikTok;10
10/08/2024;Mechelle;Female;Project Management Toolkit;Coaching Program;118;5;590;Peru;Teachable;YouTube;0
12/07/2024;Anna-diana;Female;Financial Tracker;Subscription;114;3;342;Bosnia and Herzegovina;Kajabi;Affiliate;0
11/30/2024;Bernadine;Genderfluid;AI Course for Beginners;Template;97;4;388;Russia;Shopify;Instagram;9
08/09/2024;Homere;Male;Habit Tracker for Creators;E-book;30;5;150;Libya;Shopify;YouTube;10
08/05/2024;Reidar;Male;Content Calendar Pro;Course;104;2;208;Portugal;Gumroad;Facebook Ads;7
11/17/2024;Jerad;Male;Habit Tracker for Creators;Template;82;5;410;China;ClickFunnels;Email;2
2/24/2025;Corly;Female;Habit Tracker for Creators;Template;147;4;588;Tunisia;Shopify;TikTok;9
06/04/2025;Fan;Female;Project Management Toolkit;E-book;113;2;226;Antigua and Barbuda;Gumroad;Facebook Ads;8
09/01/2024;Elaine;Female;Productivity Booster Pack;Template;40;5;200;Brazil;Shopify;Instagram;1
01/08/2025;Guillaume;Male;Notion Second Brain;Coaching Program;122;2;244;Netherlands;Teachable;Facebook Ads;3
3/29/2025;Benedetto;Male;Productivity Booster Pack;Coaching Program;67;2;134;Uzbekistan;Gumroad;TikTok;7
2/19/2025;Ricardo;Male;AI Course for Beginners;E-book;58;1;58;Brazil;ClickFunnels;Paid Ads;2
7/16/2024;Tannie;Male;Habit Tracker for Creators;Subscription;79;5;395;Philippines;Gumroad;Paid Ads;4
09/04/2024;Venus;Female;Content Calendar Pro;E-book;97;5;485;China;Teachable;Email;6
11/11/2024;Arlen;Female;Ultimate Planner Hub;E-book;93;1;93;China;Teachable;Email;0
10/21/2024;Vinni;Female;Habit Tracker for Creators;Template;131;5;655;Philippines;Teachable;Email;3
1/23/2025;Dalis;Male;Webinar: Launch Your First Course;E-book;80;4;320;Nigeria;Gumroad;TikTok;7
8/20/2024;Cthrine;Female;Content Calendar Pro;Course;106;3;318;Greece;Shopify;Paid Ads;5
11/15/2024;Currie;Male;Financial Tracker;Subscription;139;2;278;China;ClickFunnels;Facebook Ads;4
01/12/2025;Tommy;Male;Notion Second Brain;Template;30;1;30;Poland;Gumroad;TikTok;2
4/15/2025;Any;Male;Financial Tracker;Coaching Program;107;4;428;China;Kajabi;TikTok;6
10/29/2024;Guendolen;Female;Habit Tracker for Creators;E-book;71;5;355;Nigeria;Teachable;Affiliate;3
04/12/2025;Shandie;Female;Webinar: Launch Your First Course;Coaching Program;90;3;270;France;Kajabi;Facebook Ads;0
10/11/2024;Andros;Male;Project Management Toolkit;Webinar;62;4;248;Slovenia;Teachable;Email;0
11/15/2024;Judie;Polygender;Productivity Booster Pack;E-book;34;1;34;Palestinian Territory;Teachable;Organic Search;8
4/28/2025;Paulie;Male;Ultimate Planner Hub;Subscription;53;5;265;Brazil;Direct;Paid Ads;7
10/27/2024;Carny;Male;Content Calendar Pro;Course;36;4;144;Brazil;Teachable;Email;9
9/23/2024;Elana;Female;Webinar: Launch Your First Course;Webinar;84;1;84;China;Direct;TikTok;1
7/15/2024;Garwin;Genderqueer;Content Calendar Pro;Webinar;133;3;399;China;ClickFunnels;Instagram;6
08/07/2024;Donavon;Male;Content Calendar Pro;Coaching Program;64;5;320;China;ClickFunnels;Organic Search;2
6/13/2025;Morgan;Female;Productivity Booster Pack;Course;104;5;520;Armenia;Direct;Paid Ads;1
12/30/2024;Humfrid;Male;Notion Second Brain;Coaching Program;41;5;205;Afghanistan;Shopify;Paid Ads;8
05/07/2025;Cari;Female;Content Calendar Pro;Course;55;3;165;Poland;ClickFunnels;Organic Search;2
7/15/2024;Byrann;Agender;Content Calendar Pro;Template;89;4;356;China;Shopify;TikTok;3
3/18/2025;Birk;Male;Financial Tracker;Course;21;5;105;Indonesia;ClickFunnels;Email;8
4/18/2025;Bryanty;Male;Masterclass: Digital Marketing;Template;95;4;380;Mexico;Direct;Instagram;3
02/09/2025;Chicky;Male;Ultimate Planner Hub;Subscription;61;3;183;Western Sahara;Kajabi;TikTok;7
7/20/2024;Terrell;Male;Webinar: Launch Your First Course;Course;36;3;108;Bulgaria;ClickFunnels;TikTok;1
05/02/2025;Sherman;Male;Masterclass: Digital Marketing;Subscription;27;1;27;China;Direct;Facebook Ads;9
5/20/2025;Nial;Male;Habit Tracker for Creators;Course;60;5;300;Brazil;Shopify;Affiliate;7
10/02/2024;Ivett;Female;Notion Second Brain;Coaching Program;146;2;292;Pakistan;Gumroad;Organic Search;6
07/10/2024;Lulu;Female;Ultimate Planner Hub;Webinar;62;4;248;Iraq;Direct;Facebook Ads;8
11/03/2024;Zane;Male;Financial Tracker;Template;25;2;50;Indonesia;ClickFunnels;Email;2
4/30/2025;Mitzi;Female;Productivity Booster Pack;E-book;124;5;620;Canada;Gumroad;Instagram;0
10/30/2024;Elwyn;Male;Habit Tracker for Creators;Coaching Program;55;1;55;China;Teachable;Organic Search;4
9/26/2024;Geordie;Male;Notion Second Brain;Course;111;3;333;China;Teachable;Email;3
11/11/2024;Crichton;Male;Webinar: Launch Your First Course;E-book;59;3;177;Brazil;Shopify;TikTok;8
4/15/2025;Tome;Male;Content Calendar Pro;Template;70;3;210;Peru;Shopify;TikTok;3
10/16/2024;Gweneth;Female;Project Management Toolkit;Webinar;137;3;411;China;Shopify;YouTube;7
12/18/2024;Hymie;Male;Habit Tracker for Creators;Course;69;2;138;Colombia;ClickFunnels;Organic Search;10
4/22/2025;Jilli;Female;Webinar: Launch Your First Course;Template;136;3;408;Russia;Teachable;TikTok;3
03/01/2025;Tony;Female;Habit Tracker for Creators;Webinar;94;2;188;Cameroon;Teachable;YouTube;3
08/10/2024;Toddy;Male;Notion Second Brain;Template;38;1;38;China;Kajabi;Affiliate;0
10/10/2024;Juliet;Agender;Webinar: Launch Your First Course;Subscription;59;3;177;China;Direct;Email;8
08/10/2024;Terese;Bigender;Notion Second Brain;Template;123;4;492;Poland;Teachable;Affiliate;5
5/31/2025;Koren;Female;Productivity Booster Pack;Course;76;4;304;Argentina;Kajabi;Email;7
9/27/2024;Ogdon;Male;Habit Tracker for Creators;Webinar;37;4;148;Vietnam;Direct;Instagram;8
10/05/2024;Kendre;Female;Notion Second Brain;Coaching Program;61;3;183;China;Gumroad;Paid Ads;10
8/31/2024;Perla;Polygender;Webinar: Launch Your First Course;Subscription;123;3;369;Ecuador;ClickFunnels;Email;7
04/10/2025;Leonie;Female;AI Course for Beginners;Course;51;2;102;Guatemala;Kajabi;Paid Ads;0
2/23/2025;Hayes;Male;Masterclass: Digital Marketing;E-book;75;1;75;Philippines;Kajabi;Paid Ads;7
06/06/2025;Dode;Female;Financial Tracker;Course;78;5;390;Indonesia;Gumroad;Affiliate;2
12/21/2024;Eldridge;Male;Project Management Toolkit;Coaching Program;128;1;128;Saint Kitts and Nevis;Gumroad;Affiliate;7
11/30/2024;Doralin;Female;Project Management Toolkit;Subscription;117;1;117;United States;Kajabi;Paid Ads;3
10/27/2024;Tommy;Male;Financial Tracker;E-book;123;1;123;Colombia;Direct;Instagram;9
03/05/2025;Quinn;Female;Project Management Toolkit;Webinar;129;3;387;Indonesia;Shopify;YouTube;8
6/19/2025;Findlay;Male;Ultimate Planner Hub;Template;143;3;429;Mexico;Shopify;TikTok;2
2/22/2025;Lowell;Male;Habit Tracker for Creators;Template;106;5;530;El Salvador;Gumroad;Facebook Ads;6
8/31/2024;Gary;Male;Webinar: Launch Your First Course;Course;129;3;387;Sweden;Kajabi;TikTok;1
2/18/2025;Ewart;Male;Habit Tracker for Creators;Course;142;5;710;China;Kajabi;Email;4
10/16/2024;Hilliard;Male;Masterclass: Digital Marketing;Subscription;144;5;720;Japan;Kajabi;Paid Ads;0
11/22/2024;Kerk;Male;Content Calendar Pro;E-book;84;4;336;China;Direct;Facebook Ads;2
8/21/2024;Sherrie;Female;Webinar: Launch Your First Course;E-book;105;5;525;Philippines;Direct;Paid Ads;0
11/30/2024;Elsie;Female;Notion Second Brain;Template;84;1;84;Poland;Gumroad;TikTok;7
12/06/2024;Meghann;Female;Content Calendar Pro;Coaching Program;128;1;128;Slovenia;Direct;Facebook Ads;8
7/18/2024;Sybille;Female;AI Course for Beginners;Template;91;5;455;Indonesia;Direct;Affiliate;9
12/02/2024;Talyah;Female;Project Management Toolkit;E-book;116;4;464;Canada;Gumroad;Organic Search;2
05/03/2025;Niccolo;Male;Masterclass: Digital Marketing;Coaching Program;86;2;172;Indonesia;ClickFunnels;YouTube;0
11/06/2024;Hansiain;Male;Project Management Toolkit;Subscription;148;4;592;Brazil;ClickFunnels;YouTube;3
3/13/2025;Lorette;Female;Notion Second Brain;Subscription;90;4;360;Slovenia;Teachable;TikTok;6
4/30/2025;Hurlee;Male;Financial Tracker;E-book;28;2;56;China;Kajabi;Instagram;9
11/02/2024;Gloria;Polygender;Project Management Toolkit;Webinar;65;5;325;Cambodia;Shopify;Paid Ads;6
07/05/2024;Farrel;Male;Habit Tracker for Creators;Coaching Program;77;3;231;Portugal;Kajabi;Paid Ads;2
02/12/2025;Tedda;Female;Ultimate Planner Hub;Course;39;2;78;Indonesia;Teachable;Instagram;5
03/04/2025;Darell;Female;AI Course for Beginners;Course;90;3;270;Indonesia;Teachable;Organic Search;0
12/07/2024;Hamel;Male;Content Calendar Pro;Course;86;3;258;Honduras;Kajabi;TikTok;4
07/04/2024;Sapphire;Female;Productivity Booster Pack;Coaching Program;146;3;438;Poland;Shopify;Paid Ads;8
12/28/2024;Caro;Female;Project Management Toolkit;Coaching Program;132;3;396;Yemen;Teachable;YouTube;3
3/16/2025;Stepha;Female;Masterclass: Digital Marketing;E-book;78;5;390;China;Direct;Organic Search;7
04/01/2025;Clarie;Female;Masterclass: Digital Marketing;Subscription;124;2;248;Colombia;Teachable;Organic Search;5
1/24/2025;Marguerite;Female;Financial Tracker;Course;105;3;315;Philippines;Gumroad;Email;5
01/04/2025;Sally;Non-binary;Financial Tracker;Webinar;108;5;540;Mauritius;Shopify;Facebook Ads;8
06/01/2025;Torey;Male;AI Course for Beginners;Subscription;59;3;177;Russia;Shopify;Affiliate;0
4/25/2025;Hildegaard;Female;Webinar: Launch Your First Course;Coaching Program;74;3;222;Indonesia;Teachable;Email;4
6/24/2025;Roxane;Female;Webinar: Launch Your First Course;E-book;60;2;120;Honduras;Direct;Facebook Ads;10
7/30/2024;Sherlock;Male;Masterclass: Digital Marketing;Webinar;56;3;168;Mongolia;Teachable;Organic Search;4
05/04/2025;Araldo;Genderqueer;Financial Tracker;Webinar;40;5;200;China;Teachable;YouTube;0
8/29/2024;Damara;Female;Project Management Toolkit;Template;125;5;625;Poland;Direct;Facebook Ads;9
1/18/2025;Berti;Genderqueer;Content Calendar Pro;Course;111;4;444;Tunisia;Shopify;Organic Search;5
7/23/2024;Terrel;Male;Notion Second Brain;Subscription;40;5;200;Laos;ClickFunnels;Organic Search;0
10/03/2024;Berri;Female;Webinar: Launch Your First Course;Coaching Program;29;1;29;Philippines;Direct;Facebook Ads;2
1/13/2025;Annie;Female;Project Management Toolkit;Course;50;1;50;Bolivia;Gumroad;TikTok;6
12/08/2024;Kerk;Male;Masterclass: Digital Marketing;Webinar;108;4;432;Pakistan;Teachable;Affiliate;4
9/20/2024;Benito;Male;Notion Second Brain;Coaching Program;59;4;236;Russia;Gumroad;Paid Ads;0
08/07/2024;Dorri;Genderfluid;Productivity Booster Pack;Course;149;3;447;Peru;Shopify;Organic Search;7
02/10/2025;Craggie;Male;AI Course for Beginners;Webinar;99;3;297;Bhutan;Kajabi;TikTok;10
03/04/2025;Corinne;Female;Content Calendar Pro;Webinar;131;2;262;Brazil;Teachable;Affiliate;7
4/26/2025;Tobe;Male;Masterclass: Digital Marketing;E-book;89;3;267;China;ClickFunnels;Facebook Ads;1
06/03/2025;Daria;Female;AI Course for Beginners;Coaching Program;76;1;76;China;Kajabi;Affiliate;6
02/04/2025;Olenolin;Male;Habit Tracker for Creators;Subscription;23;4;92;China;Teachable;Paid Ads;2
3/18/2025;Dorene;Female;Webinar: Launch Your First Course;Subscription;101;3;303;Czech Republic;Shopify;TikTok;8
12/08/2024;Reuven;Male;Habit Tracker for Creators;Coaching Program;53;4;212;Croatia;Kajabi;YouTube;10
8/27/2024;Bernard;Male;AI Course for Beginners;Webinar;60;4;240;Armenia;ClickFunnels;YouTube;1
03/09/2025;Georgeta;Female;Masterclass: Digital Marketing;Coaching Program;82;2;164;Venezuela;Gumroad;YouTube;8
5/25/2025;Sigmund;Male;Productivity Booster Pack;Coaching Program;35;5;175;China;Kajabi;Email;0
01/03/2025;Trefor;Male;Financial Tracker;Webinar;85;2;170;Brazil;Shopify;Facebook Ads;8
09/03/2024;Amy;Female;Notion Second Brain;Coaching Program;109;3;327;China;ClickFunnels;Organic Search;10
7/29/2024;Robinett;Female;Masterclass: Digital Marketing;Course;77;2;154;Pakistan;Teachable;Email;0
12/06/2024;Carilyn;Female;Notion Second Brain;Coaching Program;48;1;48;Greece;Teachable;TikTok;7
04/05/2025;Worden;Male;Notion Second Brain;Subscription;93;3;279;Indonesia;Teachable;Organic Search;7
09/03/2024;Hall;Male;Notion Second Brain;Webinar;121;5;605;Philippines;Kajabi;Email;6
04/08/2025;Ephrayim;Male;Content Calendar Pro;Webinar;133;4;532;China;Shopify;Instagram;2
10/07/2024;Helsa;Female;Webinar: Launch Your First Course;Subscription;25;4;100;Thailand;Shopify;Facebook Ads;2
04/12/2025;Kacey;Female;Ultimate Planner Hub;Webinar;143;3;429;Argentina;Shopify;Paid Ads;9
7/14/2024;Tori;Female;Content Calendar Pro;Course;86;2;172;France;Teachable;Facebook Ads;10
7/26/2024;Harrietta;Female;AI Course for Beginners;E-book;63;1;63;Indonesia;Kajabi;YouTube;2
12/29/2024;Eberhard;Male;Habit Tracker for Creators;E-book;89;2;178;Japan;Direct;Facebook Ads;4
11/21/2024;Toddy;Male;Webinar: Launch Your First Course;Course;64;3;192;United States;Direct;Facebook Ads;5
09/11/2024;Katie;Female;Masterclass: Digital Marketing;Course;19;1;19;Nigeria;Teachable;Organic Search;7
7/13/2024;Laird;Polygender;AI Course for Beginners;E-book;135;5;675;China;Gumroad;Affiliate;1
07/06/2024;Joice;Female;Masterclass: Digital Marketing;Course;48;4;192;Brazil;Direct;Affiliate;7
09/12/2024;Joelie;Female;Notion Second Brain;Coaching Program;79;4;316;Netherlands;Gumroad;Organic Search;7
09/08/2024;Herold;Male;Masterclass: Digital Marketing;Template;111;5;555;United States;Teachable;Facebook Ads;9
11/02/2024;Maire;Female;Webinar: Launch Your First Course;E-book;28;2;56;United States;Direct;Email;7
7/23/2024;Laurella;Female;Habit Tracker for Creators;Webinar;98;2;196;Philippines;Kajabi;TikTok;5
6/14/2025;Charin;Female;AI Course for Beginners;Subscription;76;1;76;Indonesia;Teachable;Instagram;2
10/18/2024;Cyrille;Male;Webinar: Launch Your First Course;Template;33;5;165;Uganda;Gumroad;YouTube;6
07/08/2024;Jonathon;Male;Productivity Booster Pack;Subscription;124;3;372;United States;ClickFunnels;Affiliate;5
12/20/2024;Philbert;Male;Webinar: Launch Your First Course;Course;128;4;512;Pakistan;Direct;YouTube;4
3/15/2025;Kelly;Male;AI Course for Beginners;Template;113;2;226;Russia;Shopify;Organic Search;6
02/07/2025;Maryl;Female;Financial Tracker;Webinar;86;3;258;Greece;Shopify;TikTok;3
04/09/2025;Myrna;Non-binary;Content Calendar Pro;Template;125;1;125;Russia;Shopify;Facebook Ads;1
06/06/2025;Lawton;Male;Masterclass: Digital Marketing;Template;106;2;212;El Salvador;ClickFunnels;YouTube;7
4/29/2025;Georgianna;Polygender;Webinar: Launch Your First Course;E-book;93;3;279;Russia;ClickFunnels;Email;8
09/07/2024;Dale;Female;Productivity Booster Pack;Template;46;1;46;Bulgaria;Direct;TikTok;6
11/02/2024;Wenona;Female;Ultimate Planner Hub;Course;91;5;455;Russia;Shopify;Organic Search;5
11/20/2024;Stanly;Male;Habit Tracker for Creators;Coaching Program;46;2;92;Montenegro;ClickFunnels;YouTube;4
05/02/2025;Hilton;Male;Habit Tracker for Creators;Webinar;79;5;395;Russia;Teachable;Instagram;1
10/16/2024;Sibelle;Female;Habit Tracker for Creators;Course;96;3;288;Indonesia;Gumroad;Email;6
5/26/2025;Dilly;Genderfluid;Ultimate Planner Hub;Course;146;3;438;Philippines;ClickFunnels;Affiliate;0
08/05/2024;Anthia;Female;AI Course for Beginners;Coaching Program;101;2;202;Indonesia;Gumroad;TikTok;9
07/07/2024;Simonette;Female;Masterclass: Digital Marketing;Subscription;103;3;309;Myanmar;ClickFunnels;Affiliate;10
12/15/2024;Anton;Male;Masterclass: Digital Marketing;E-book;141;3;423;Finland;Teachable;Organic Search;6
4/16/2025;Erny;Male;Financial Tracker;Subscription;90;1;90;Indonesia;Gumroad;YouTube;8
06/07/2025;Hildegarde;Female;Content Calendar Pro;Template;128;4;512;Russia;Shopify;Affiliate;7
5/22/2025;Payton;Male;Financial Tracker;Template;79;3;237;Indonesia;Shopify;YouTube;4
2/26/2025;Dewitt;Male;Project Management Toolkit;Coaching Program;138;5;690;Poland;Teachable;TikTok;3
8/20/2024;Parnell;Male;Content Calendar Pro;Coaching Program;56;4;224;Bosnia and Herzegovina;ClickFunnels;Organic Search;8
07/12/2024;Sarene;Female;Project Management Toolkit;Coaching Program;99;5;495;Venezuela;Shopify;YouTube;7
11/04/2024;Verne;Genderfluid;Productivity Booster Pack;Template;107;5;535;Portugal;Kajabi;Facebook Ads;10
1/21/2025;Wade;Male;Webinar: Launch Your First Course;Template;146;5;730;Morocco;Teachable;Paid Ads;6
10/08/2024;Raymond;Male;Masterclass: Digital Marketing;Template;59;3;177;Indonesia;Kajabi;Email;2
12/02/2024;Son;Male;Masterclass: Digital Marketing;Subscription;131;1;131;Zimbabwe;Direct;TikTok;5
07/08/2024;Nick;Male;Content Calendar Pro;Subscription;20;1;20;Greece;Shopify;Organic Search;9
6/21/2025;Lavena;Female;Productivity Booster Pack;Coaching Program;49;1;49;Kazakhstan;Direct;Email;9
7/16/2024;Petunia;Female;Project Management Toolkit;E-book;64;2;128;Ethiopia;Teachable;Affiliate;8
10/20/2024;Arnold;Male;Webinar: Launch Your First Course;Course;44;4;176;Brazil;Direct;Affiliate;5
2/26/2025;Maurine;Genderqueer;Notion Second Brain;Course;28;5;140;Costa Rica;ClickFunnels;Facebook Ads;9
3/19/2025;Tabatha;Female;Project Management Toolkit;Template;107;1;107;Argentina;Shopify;YouTube;2
8/23/2024;Louie;Male;Project Management Toolkit;Course;67;5;335;Portugal;Shopify;TikTok;6
07/05/2024;Jaquelin;Female;Habit Tracker for Creators;E-book;114;4;456;China;Direct;Instagram;7
11/08/2024;Lynde;Female;Webinar: Launch Your First Course;Course;19;1;19;Slovenia;Kajabi;Affiliate;8
3/22/2025;Derk;Male;Habit Tracker for Creators;Webinar;123;2;246;China;Gumroad;YouTube;4
06/06/2025;Nester;Male;Productivity Booster Pack;Course;102;3;306;China;Shopify;Organic Search;8
10/06/2024;Marc;Male;AI Course for Beginners;Course;108;4;432;Poland;Teachable;TikTok;9
8/26/2024;Willdon;Male;Notion Second Brain;Template;110;1;110;Indonesia;Gumroad;YouTube;7
10/20/2024;Avivah;Female;Notion Second Brain;Coaching Program;121;5;605;Poland;Teachable;YouTube;1
11/07/2024;Ardith;Genderqueer;Project Management Toolkit;Template;68;4;272;Sweden;Direct;Facebook Ads;1
01/10/2025;Kenton;Male;Project Management Toolkit;Subscription;43;4;172;Philippines;Kajabi;Organic Search;10
9/29/2024;Raychel;Female;Masterclass: Digital Marketing;Webinar;132;1;132;Canada;Direct;Paid Ads;10
11/09/2024;Wallache;Male;AI Course for Beginners;Subscription;59;4;236;Indonesia;Direct;Instagram;6
12/07/2024;Pauly;Male;Productivity Booster Pack;Coaching Program;138;3;414;Indonesia;Teachable;Affiliate;1
3/26/2025;Trumann;Male;Productivity Booster Pack;Template;25;4;100;Vietnam;Kajabi;Instagram;5
02/11/2025;Sly;Male;Project Management Toolkit;E-book;115;3;345;Australia;Kajabi;Paid Ads;3
3/18/2025;Verna;Female;Financial Tracker;Webinar;44;2;88;Indonesia;Teachable;Facebook Ads;1
06/12/2025;Allyn;Male;Content Calendar Pro;E-book;82;2;164;Brazil;Kajabi;Affiliate;8
4/22/2025;Kelcey;Female;Habit Tracker for Creators;Coaching Program;125;4;500;Portugal;Kajabi;Instagram;1
12/31/2024;Farris;Male;Project Management Toolkit;Webinar;44;5;220;France;Gumroad;TikTok;6
09/07/2024;Maure;Female;Project Management Toolkit;Subscription;143;1;143;Indonesia;Direct;Affiliate;6
12/18/2024;Rog;Male;AI Course for Beginners;E-book;42;4;168;United States;Teachable;Affiliate;5
12/30/2024;Chandler;Male;Project Management Toolkit;Course;78;5;390;Indonesia;Gumroad;Paid Ads;10
09/06/2024;Yul;Male;Financial Tracker;Course;82;3;246;China;Teachable;Paid Ads;5
12/10/2024;Elsie;Female;AI Course for Beginners;E-book;28;3;84;China;Teachable;TikTok;10
02/03/2025;Augustin;Male;Notion Second Brain;Coaching Program;134;4;536;China;Shopify;YouTube;3
7/28/2024;Gerard;Male;Content Calendar Pro;E-book;42;5;210;Dominican Republic;Shopify;Facebook Ads;9
2/28/2025;Ainslee;Female;Project Management Toolkit;Webinar;20;5;100;Uganda;Gumroad;Email;6
08/07/2024;Wadsworth;Male;Project Management Toolkit;Course;39;3;117;Russia;ClickFunnels;Email;8
2/27/2025;Christabella;Female;Ultimate Planner Hub;Course;72;4;288;Cuba;Gumroad;Facebook Ads;8
9/26/2024;Harrietta;Female;Content Calendar Pro;Template;52;5;260;Myanmar;Shopify;YouTube;7
02/11/2025;Garvey;Male;Habit Tracker for Creators;Course;139;3;417;Brazil;Shopify;TikTok;0
08/02/2024;Griselda;Genderfluid;AI Course for Beginners;Course;142;2;284;Philippines;Shopify;Instagram;3
11/08/2024;Graig;Male;Financial Tracker;Course;112;1;112;China;Teachable;Organic Search;4
11/03/2024;Micaela;Female;Content Calendar Pro;Template;39;4;156;China;Direct;YouTube;7
05/04/2025;Carlene;Genderqueer;Masterclass: Digital Marketing;E-book;59;2;118;Somalia;Shopify;Facebook Ads;9
5/24/2025;Golda;Female;Productivity Booster Pack;Template;73;3;219;Brazil;Direct;Email;5
06/02/2025;Malchy;Male;Masterclass: Digital Marketing;Template;140;1;140;Japan;ClickFunnels;Organic Search;5
12/24/2024;Aloin;Male;Financial Tracker;Template;133;3;399;China;Direct;Email;3
12/15/2024;Theodoric;Male;Project Management Toolkit;E-book;84;4;336;Brazil;Direct;Paid Ads;8
08/12/2024;Lucine;Female;Content Calendar Pro;Course;141;2;282;China;Kajabi;Organic Search;3
2/25/2025;Jocko;Male;Productivity Booster Pack;Coaching Program;68;2;136;Benin;ClickFunnels;YouTube;5
05/07/2025;Georas;Male;Habit Tracker for Creators;Template;110;1;110;Philippines;Direct;Organic Search;0
1/23/2025;Cati;Female;Masterclass: Digital Marketing;Subscription;102;1;102;Malaysia;Kajabi;Facebook Ads;10
10/05/2024;Patsy;Female;Financial Tracker;Course;126;5;630;Indonesia;Teachable;YouTube;0
11/13/2024;Pauly;Female;Ultimate Planner Hub;Webinar;35;1;35;Indonesia;Teachable;Instagram;6
1/16/2025;Karlik;Male;Financial Tracker;Course;103;1;103;China;Kajabi;Instagram;6
6/16/2025;Haley;Male;Productivity Booster Pack;E-book;37;2;74;Albania;Kajabi;Instagram;9
6/27/2024;Joellen;Female;AI Course for Beginners;Subscription;57;1;57;China;Teachable;Facebook Ads;3
3/31/2025;Karisa;Female;Ultimate Planner Hub;Subscription;124;5;620;Portugal;Kajabi;Instagram;10
3/22/2025;Ritchie;Male;Notion Second Brain;Webinar;122;5;610;Japan;Kajabi;Organic Search;6
01/08/2025;Trever;Male;Masterclass: Digital Marketing;Webinar;42;5;210;China;Gumroad;YouTube;5
07/09/2024;Caressa;Female;Ultimate Planner Hub;E-book;147;5;735;Brazil;Direct;Email;6
1/30/2025;Pammi;Female;Notion Second Brain;Webinar;80;4;320;Indonesia;Teachable;Instagram;6
6/22/2025;Morse;Male;Ultimate Planner Hub;Template;94;4;376;Sweden;Shopify;Paid Ads;8
1/22/2025;Samuele;Male;Notion Second Brain;Course;123;1;123;Tanzania;Gumroad;TikTok;3
5/21/2025;Bobbette;Female;Content Calendar Pro;Course;32;4;128;Indonesia;Teachable;Affiliate;4
9/17/2024;Marris;Female;Webinar: Launch Your First Course;Webinar;143;3;429;Japan;ClickFunnels;Facebook Ads;2
9/13/2024;Francesca;Female;Project Management Toolkit;Subscription;138;5;690;China;ClickFunnels;Paid Ads;5
9/25/2024;Anabal;Female;Habit Tracker for Creators;Webinar;132;5;660;Kuwait;Teachable;YouTube;7
11/12/2024;Sergeant;Male;Content Calendar Pro;Template;61;2;122;Greece;Direct;Instagram;2
9/23/2024;Reggi;Female;Masterclass: Digital Marketing;E-book;96;1;96;Bosnia and Herzegovina;ClickFunnels;Paid Ads;0
8/13/2024;Kelbee;Male;Productivity Booster Pack;Webinar;36;2;72;Vietnam;ClickFunnels;YouTube;7
05/12/2025;Clayborne;Male;Notion Second Brain;Subscription;111;5;555;Poland;Kajabi;Facebook Ads;8
05/06/2025;Deeann;Female;Habit Tracker for Creators;Template;34;2;68;Ireland;ClickFunnels;Instagram;1
3/26/2025;Irene;Genderqueer;Notion Second Brain;Coaching Program;118;5;590;Indonesia;ClickFunnels;Facebook Ads;10
9/23/2024;Carmina;Female;Financial Tracker;Coaching Program;132;1;132;Peru;Direct;Paid Ads;1
6/24/2025;Berkie;Male;Habit Tracker for Creators;Subscription;105;3;315;Croatia;Direct;Organic Search;6
02/01/2025;Sollie;Genderfluid;AI Course for Beginners;Template;73;5;365;Czech Republic;Kajabi;Organic Search;10
10/03/2024;Rodolph;Male;AI Course for Beginners;Template;97;5;485;China;Direct;Instagram;1
5/26/2025;Berna;Female;Habit Tracker for Creators;Course;84;5;420;Poland;Gumroad;Affiliate;9
05/08/2025;Ermanno;Male;Webinar: Launch Your First Course;Template;119;2;238;France;Shopify;Affiliate;7
9/27/2024;Ingrim;Male;AI Course for Beginners;Coaching Program;136;4;544;Sweden;Gumroad;TikTok;8
9/30/2024;Kenon;Male;AI Course for Beginners;Webinar;116;5;580;Palestinian Territory;Shopify;Email;6
11/18/2024;Marijo;Female;AI Course for Beginners;Template;142;1;142;Indonesia;ClickFunnels;Paid Ads;6
05/10/2025;Jordana;Female;Webinar: Launch Your First Course;Course;79;2;158;Malaysia;Direct;Email;7
7/14/2024;Otto;Male;Masterclass: Digital Marketing;Subscription;29;1;29;Russia;Shopify;Paid Ads;10
5/27/2025;Gunter;Genderfluid;Notion Second Brain;Webinar;96;5;480;Poland;Shopify;Organic Search;3
12/23/2024;Orelie;Female;Ultimate Planner Hub;Subscription;85;3;255;Brazil;Gumroad;TikTok;6
07/08/2024;Miriam;Female;Webinar: Launch Your First Course;Coaching Program;46;5;230;Portugal;Direct;YouTube;2
08/06/2024;Audrie;Female;Webinar: Launch Your First Course;Template;120;2;240;Brazil;Kajabi;Paid Ads;8
11/16/2024;Sydney;Male;Financial Tracker;Coaching Program;45;3;135;Chile;Direct;Organic Search;6
06/05/2025;Joni;Bigender;Notion Second Brain;Coaching Program;146;4;584;Ireland;Direct;Affiliate;3
2/15/2025;Tandie;Female;Financial Tracker;Subscription;46;2;92;China;Shopify;Instagram;9
12/30/2024;Jemie;Female;Ultimate Planner Hub;Subscription;74;2;148;Vietnam;ClickFunnels;Paid Ads;9
12/10/2024;Bertrando;Male;Ultimate Planner Hub;Template;112;2;224;Brazil;Gumroad;Organic Search;9
7/22/2024;Byrom;Male;Ultimate Planner Hub;Webinar;125;2;250;Indonesia;Direct;Facebook Ads;5
02/12/2025;Deni;Female;Masterclass: Digital Marketing;Subscription;102;4;408;France;Shopify;Organic Search;1
11/13/2024;Mace;Male;Notion Second Brain;Subscription;147;3;441;Central African Republic;Shopify;Paid Ads;8
4/14/2025;Stephi;Female;Ultimate Planner Hub;Course;110;2;220;Uganda;Kajabi;Email;1
10/28/2024;Chet;Male;Masterclass: Digital Marketing;Subscription;86;4;344;Canada;Direct;Email;4
11/27/2024;Andre;Male;Productivity Booster Pack;Template;39;4;156;Croatia;Gumroad;Paid Ads;9
9/16/2024;Marika;Genderqueer;Habit Tracker for Creators;Coaching Program;39;3;117;Greece;ClickFunnels;Paid Ads;5
11/13/2024;Jerald;Male;Habit Tracker for Creators;Webinar;19;2;38;Germany;Gumroad;Organic Search;7
7/26/2024;Francis;Male;Content Calendar Pro;Coaching Program;110;3;330;Colombia;ClickFunnels;YouTube;1
6/13/2025;Jori;Female;Webinar: Launch Your First Course;Subscription;82;2;164;China;Teachable;Email;1
12/13/2024;Darrin;Male;Project Management Toolkit;Course;41;1;41;Brazil;Direct;Organic Search;3
7/23/2024;Geneva;Female;Productivity Booster Pack;Template;68;1;68;Israel;Teachable;Facebook Ads;0
04/01/2025;Alayne;Female;Content Calendar Pro;E-book;82;3;246;Indonesia;Teachable;TikTok;7
8/31/2024;Rowe;Female;Webinar: Launch Your First Course;Webinar;143;2;286;United States;Shopify;Email;9
06/09/2025;Krystal;Female;Webinar: Launch Your First Course;Template;146;4;584;China;Gumroad;Email;6
01/10/2025;Goldia;Bigender;Ultimate Planner Hub;Webinar;68;1;68;Ireland;ClickFunnels;Organic Search;8
7/29/2024;Erin;Female;Content Calendar Pro;Template;122;1;122;Indonesia;Teachable;Paid Ads;8
10/24/2024;Angelica;Female;AI Course for Beginners;E-book;82;2;164;China;Direct;Organic Search;5
4/13/2025;Merrily;Female;Webinar: Launch Your First Course;Course;42;5;210;Nigeria;Direct;Affiliate;1
09/01/2024;Laurens;Male;Content Calendar Pro;Coaching Program;129;3;387;Laos;Direct;TikTok;5
7/16/2024;Rolf;Male;Ultimate Planner Hub;Template;46;4;184;Sweden;Teachable;Paid Ads;9
5/27/2025;Bertina;Female;Productivity Booster Pack;Template;119;2;238;France;Shopify;Paid Ads;1
03/01/2025;Imelda;Female;Masterclass: Digital Marketing;Coaching Program;40;4;160;China;Shopify;Affiliate;4
4/19/2025;Pippo;Male;Financial Tracker;Template;143;5;715;China;ClickFunnels;Organic Search;5
06/08/2025;Tori;Female;Ultimate Planner Hub;Subscription;75;3;225;Argentina;Shopify;Facebook Ads;5
7/16/2024;Clarey;Female;Habit Tracker for Creators;Course;63;3;189;Indonesia;ClickFunnels;Email;6
10/23/2024;Cynthie;Female;Webinar: Launch Your First Course;Subscription;149;3;447;China;Teachable;Affiliate;8
05/12/2025;Chandler;Male;Ultimate Planner Hub;Subscription;76;1;76;Nigeria;Kajabi;Paid Ads;3
7/30/2024;Jedidiah;Male;Content Calendar Pro;Subscription;46;5;230;China;ClickFunnels;Paid Ads;5
12/14/2024;Tony;Female;Productivity Booster Pack;Webinar;143;2;286;Syria;Gumroad;Email;1
4/22/2025;Lorenzo;Male;Productivity Booster Pack;Template;81;4;324;Mexico;ClickFunnels;Affiliate;0
1/14/2025;Waylen;Male;Masterclass: Digital Marketing;Coaching Program;124;4;496;Russia;ClickFunnels;TikTok;2
4/17/2025;Wilhelm;Male;Ultimate Planner Hub;Coaching Program;115;5;575;France;ClickFunnels;Instagram;6
12/12/2024;Isadora;Female;Habit Tracker for Creators;Course;55;4;220;Indonesia;Gumroad;YouTube;1
5/26/2025;Edwina;Female;Project Management Toolkit;Webinar;145;3;435;Peru;Direct;TikTok;7
2/22/2025;Bartholomew;Male;AI Course for Beginners;Template;21;2;42;Philippines;Shopify;Email;3
11/28/2024;Christian;Non-binary;Content Calendar Pro;Webinar;70;2;140;China;Shopify;Paid Ads;8
11/24/2024;Merle;Male;Masterclass: Digital Marketing;Coaching Program;123;4;492;United States;ClickFunnels;Facebook Ads;6
8/15/2024;Kahaleel;Male;Productivity Booster Pack;Course;34;3;102;Indonesia;Direct;Email;3
09/12/2024;Bella;Female;Content Calendar Pro;E-book;57;1;57;Mongolia;Gumroad;YouTube;3
12/03/2024;Briana;Female;Masterclass: Digital Marketing;Subscription;46;4;184;Argentina;Teachable;Paid Ads;7
4/26/2025;Marcelline;Female;Content Calendar Pro;Coaching Program;134;5;670;Italy;ClickFunnels;Email;6
8/13/2024;Skyler;Male;Content Calendar Pro;E-book;127;1;127;Portugal;Shopify;YouTube;7
2/22/2025;Waldon;Male;Webinar: Launch Your First Course;Coaching Program;90;2;180;Greece;ClickFunnels;Email;9
07/07/2024;Ernesto;Male;Productivity Booster Pack;E-book;95;2;190;Poland;Teachable;Instagram;5
7/19/2024;Nicolai;Male;Financial Tracker;Template;81;3;243;China;ClickFunnels;Instagram;6
6/30/2024;Esdras;Male;Productivity Booster Pack;Subscription;86;2;172;China;Gumroad;Affiliate;4
6/22/2025;Elise;Bigender;Masterclass: Digital Marketing;Coaching Program;125;5;625;Indonesia;Gumroad;YouTube;2
12/23/2024;Jobye;Female;Project Management Toolkit;Subscription;131;2;262;China;Kajabi;Organic Search;6
12/15/2024;Delaney;Male;Ultimate Planner Hub;Subscription;77;4;308;Greece;Shopify;Affiliate;7
04/04/2025;Florida;Female;Habit Tracker for Creators;Template;88;1;88;Philippines;ClickFunnels;YouTube;3
2/15/2025;Pasquale;Bigender;Content Calendar Pro;Template;134;3;402;Indonesia;ClickFunnels;Email;1
05/06/2025;Mattias;Male;Project Management Toolkit;E-book;56;2;112;Saudi Arabia;Direct;Instagram;1
7/29/2024;Missy;Female;Content Calendar Pro;Subscription;27;3;81;China;Kajabi;Email;9
3/31/2025;Fredi;Female;Webinar: Launch Your First Course;Subscription;31;1;31;Czech Republic;ClickFunnels;YouTube;6
10/10/2024;Ashia;Female;Notion Second Brain;Subscription;60;5;300;France;Teachable;YouTube;9
3/25/2025;Simone;Male;Webinar: Launch Your First Course;Subscription;124;1;124;China;Shopify;YouTube;4
7/30/2024;Susanne;Female;Ultimate Planner Hub;Template;68;1;68;Russia;Direct;Paid Ads;8
1/24/2025;Tobe;Male;Ultimate Planner Hub;Webinar;143;5;715;Philippines;Shopify;Instagram;3
6/20/2025;Zorina;Female;Webinar: Launch Your First Course;E-book;21;4;84;France;Shopify;Instagram;2
12/08/2024;Erin;Male;Webinar: Launch Your First Course;E-book;135;1;135;Portugal;ClickFunnels;YouTube;0
6/26/2024;Wini;Female;AI Course for Beginners;E-book;67;1;67;United States;Kajabi;Facebook Ads;4
9/25/2024;Paulo;Male;AI Course for Beginners;Template;136;2;272;Philippines;Shopify;YouTube;7
5/21/2025;Pacorro;Male;Productivity Booster Pack;Webinar;63;2;126;Egypt;ClickFunnels;Organic Search;9
6/14/2025;Jarvis;Male;Habit Tracker for Creators;Subscription;56;4;224;United States;Kajabi;Affiliate;4
6/19/2025;Filmer;Male;Notion Second Brain;Coaching Program;42;3;126;China;Teachable;Facebook Ads;9
5/29/2025;Savina;Female;Masterclass: Digital Marketing;Template;41;5;205;Czech Republic;Gumroad;Email;2
6/22/2025;Gerti;Female;Content Calendar Pro;Course;148;2;296;Poland;Gumroad;Affiliate;0
12/30/2024;Antony;Polygender;Habit Tracker for Creators;Subscription;131;1;131;Thailand;Shopify;Paid Ads;8
5/20/2025;Agnola;Female;Ultimate Planner Hub;Webinar;113;1;113;China;ClickFunnels;Paid Ads;7
9/14/2024;Reynard;Male;Ultimate Planner Hub;E-book;145;2;290;Japan;Kajabi;Paid Ads;3
09/06/2024;Jamey;Male;Habit Tracker for Creators;Course;100;4;400;Chile;Direct;Organic Search;10
9/22/2024;Jefferey;Male;Ultimate Planner Hub;Course;81;5;405;Russia;ClickFunnels;Organic Search;7
03/02/2025;Hi;Male;Ultimate Planner Hub;Webinar;134;4;536;Reunion;Teachable;Affiliate;6
09/10/2024;Cassey;Female;Webinar: Launch Your First Course;Course;40;1;40;Austria;ClickFunnels;Instagram;6
10/21/2024;Peirce;Male;Notion Second Brain;Template;48;2;96;Indonesia;Gumroad;Organic Search;4
7/24/2024;Cybill;Female;Masterclass: Digital Marketing;Course;118;4;472;Indonesia;Kajabi;Organic Search;9
11/12/2024;Harley;Male;Content Calendar Pro;Course;33;5;165;Comoros;ClickFunnels;Paid Ads;7
12/07/2024;Ferdinand;Male;Project Management Toolkit;Coaching Program;147;2;294;Iran;Kajabi;Email;10
5/24/2025;Corenda;Female;Productivity Booster Pack;Template;56;2;112;Argentina;Direct;Paid Ads;1
06/03/2025;Amabel;Female;Project Management Toolkit;Template;145;2;290;China;Teachable;Email;1
7/21/2024;Lorelei;Female;Ultimate Planner Hub;E-book;95;5;475;Vietnam;Shopify;YouTube;3
12/09/2024;Juline;Female;Financial Tracker;Course;65;3;195;Czech Republic;ClickFunnels;Organic Search;8
3/16/2025;Lavina;Female;Webinar: Launch Your First Course;E-book;103;3;309;Ukraine;Teachable;TikTok;4
05/10/2025;Sidoney;Female;Project Management Toolkit;Subscription;65;3;195;China;Direct;Organic Search;2
12/15/2024;Keane;Male;Content Calendar Pro;Template;106;1;106;Indonesia;Teachable;Instagram;8
11/06/2024;Wendi;Genderfluid;Content Calendar Pro;Course;137;4;548;Indonesia;Teachable;Organic Search;10
3/16/2025;Abbey;Bigender;Masterclass: Digital Marketing;Template;112;5;560;United States;Direct;Organic Search;5
09/06/2024;Angie;Male;Masterclass: Digital Marketing;Webinar;99;5;495;Canada;Kajabi;Paid Ads;1
11/19/2024;Padraig;Male;Masterclass: Digital Marketing;Course;19;5;95;Indonesia;ClickFunnels;Instagram;5
6/18/2025;Nichole;Female;AI Course for Beginners;Subscription;32;4;128;China;Kajabi;TikTok;8
7/23/2024;Abbey;Male;Project Management Toolkit;Subscription;120;3;360;Russia;Direct;Email;6
11/07/2024;Michal;Female;Productivity Booster Pack;Subscription;140;5;700;Czech Republic;Direct;Facebook Ads;0
07/08/2024;Catha;Female;Masterclass: Digital Marketing;Coaching Program;133;1;133;Colombia;ClickFunnels;TikTok;5
5/17/2025;Merrick;Male;Masterclass: Digital Marketing;E-book;22;4;88;China;Kajabi;Affiliate;5
12/09/2024;Rebekah;Female;Habit Tracker for Creators;Webinar;80;1;80;Bulgaria;Kajabi;Paid Ads;10
1/23/2025;Ervin;Male;Content Calendar Pro;E-book;29;1;29;Peru;Gumroad;Organic Search;5
5/18/2025;Rainer;Male;Financial Tracker;Template;52;3;156;Indonesia;Gumroad;TikTok;2
10/14/2024;Duane;Male;AI Course for Beginners;Course;129;2;258;China;ClickFunnels;Paid Ads;10
5/22/2025;Giulietta;Female;Notion Second Brain;Subscription;52;5;260;France;Shopify;Organic Search;6
06/01/2025;Christy;Female;Financial Tracker;Subscription;92;5;460;Vietnam;Gumroad;Affiliate;0
3/26/2025;Mylo;Male;Project Management Toolkit;Subscription;44;3;132;United States;Gumroad;TikTok;4
9/20/2024;Tory;Female;Masterclass: Digital Marketing;Subscription;133;5;665;Swaziland;Teachable;Facebook Ads;0
4/27/2025;Anitra;Female;Content Calendar Pro;Course;139;5;695;Indonesia;Direct;Instagram;8
06/02/2025;Lorens;Male;Masterclass: Digital Marketing;Template;93;1;93;Norway;Teachable;Instagram;1
5/14/2025;Pablo;Male;Ultimate Planner Hub;Coaching Program;139;1;139;Ireland;ClickFunnels;Affiliate;3
6/25/2024;Franklyn;Male;Productivity Booster Pack;Course;121;1;121;Russia;Kajabi;Organic Search;5
9/18/2024;Alair;Male;Ultimate Planner Hub;Webinar;145;1;145;Nigeria;Direct;Instagram;0
09/12/2024;Gaby;Male;Productivity Booster Pack;Webinar;25;1;25;Cuba;ClickFunnels;TikTok;0
2/21/2025;Fabiano;Male;Habit Tracker for Creators;Course;88;5;440;China;Kajabi;YouTube;0
8/25/2024;Tiphani;Female;Masterclass: Digital Marketing;Coaching Program;145;4;580;Indonesia;Shopify;Email;9
7/16/2024;Van;Male;Content Calendar Pro;Webinar;22;4;88;French Polynesia;Shopify;Instagram;9
12/22/2024;Hunfredo;Male;Webinar: Launch Your First Course;E-book;71;5;355;Philippines;Shopify;Affiliate;8
11/06/2024;Anestassia;Non-binary;Webinar: Launch Your First Course;Webinar;79;5;395;Kazakhstan;Teachable;TikTok;7
06/01/2025;Jelene;Female;Webinar: Launch Your First Course;Subscription;111;1;111;Russia;Kajabi;TikTok;4
05/02/2025;Marylou;Female;Webinar: Launch Your First Course;Course;24;2;48;Indonesia;ClickFunnels;Facebook Ads;6
7/31/2024;Godfry;Male;Financial Tracker;E-book;142;3;426;Italy;ClickFunnels;Email;4
02/10/2025;Barbi;Female;Financial Tracker;Course;84;3;252;Poland;Teachable;Organic Search;1
9/29/2024;Kenn;Male;Content Calendar Pro;Subscription;104;3;312;Philippines;ClickFunnels;Instagram;2
7/19/2024;Purcell;Male;Project Management Toolkit;E-book;139;3;417;Brazil;Direct;Email;4
10/17/2024;Vivia;Female;Productivity Booster Pack;Course;60;2;120;Belarus;Shopify;Instagram;3
10/28/2024;Putnem;Male;Project Management Toolkit;Course;70;4;280;Argentina;ClickFunnels;Email;9
05/01/2025;Beale;Male;AI Course for Beginners;Coaching Program;51;4;204;Poland;Gumroad;Email;1
11/02/2024;Brocky;Male;Financial Tracker;Subscription;136;2;272;Russia;Teachable;TikTok;4
10/30/2024;Catlaina;Female;Habit Tracker for Creators;E-book;114;3;342;Indonesia;ClickFunnels;Instagram;4
2/22/2025;Lazarus;Male;Masterclass: Digital Marketing;Webinar;99;4;396;France;Teachable;TikTok;4
1/30/2025;Abbey;Male;Content Calendar Pro;Course;146;2;292;Indonesia;Direct;YouTube;3
01/06/2025;Dominique;Female;Productivity Booster Pack;Coaching Program;69;4;276;Czech Republic;Teachable;Paid Ads;7
11/10/2024;Frederico;Male;Habit Tracker for Creators;E-book;106;1;106;China;Gumroad;Facebook Ads;1
10/16/2024;Cammy;Female;Ultimate Planner Hub;Webinar;110;3;330;Ireland;Gumroad;Instagram;4
3/27/2025;Eveleen;Female;Webinar: Launch Your First Course;Course;119;5;595;Sweden;Shopify;Organic Search;0
2/16/2025;Suzette;Female;Project Management Toolkit;Webinar;117;2;234;Norway;Teachable;Email;10
6/29/2024;Wes;Male;Financial Tracker;E-book;132;5;660;Pakistan;Direct;Facebook Ads;4
7/15/2024;Aigneis;Female;Notion Second Brain;E-book;35;4;140;Indonesia;Kajabi;YouTube;0
7/28/2024;Dorie;Male;Financial Tracker;Course;138;1;138;South Africa;Teachable;Affiliate;10
2/15/2025;Elli;Female;Productivity Booster Pack;Course;123;2;246;Vietnam;Kajabi;TikTok;5
07/08/2024;Modesta;Female;Habit Tracker for Creators;Course;100;2;200;Macedonia;ClickFunnels;Instagram;0
11/09/2024;Michal;Male;Ultimate Planner Hub;Webinar;49;1;49;China;Kajabi;TikTok;1
10/30/2024;Barbara;Female;Content Calendar Pro;Template;124;5;620;Philippines;Kajabi;Email;7
10/02/2024;Claus;Male;Masterclass: Digital Marketing;Subscription;133;5;665;China;Direct;TikTok;10
8/18/2024;Napoleon;Male;Notion Second Brain;Subscription;87;1;87;Pakistan;Teachable;Organic Search;6
1/21/2025;Alisun;Female;Notion Second Brain;Template;145;3;435;Ukraine;Shopify;Facebook Ads;7
10/08/2024;Arv;Male;AI Course for Beginners;Template;89;4;356;China;Kajabi;Facebook Ads;5
5/29/2025;Gilbertina;Female;Financial Tracker;Course;147;3;441;Ukraine;Kajabi;Facebook Ads;10
02/10/2025;Kimmie;Female;Habit Tracker for Creators;Coaching Program;86;2;172;China;Shopify;TikTok;4
9/13/2024;Frederigo;Male;Financial Tracker;E-book;91;3;273;Philippines;Gumroad;Email;1
1/31/2025;Audra;Female;Habit Tracker for Creators;E-book;54;5;270;Vietnam;Kajabi;Instagram;3
03/02/2025;Nisse;Female;Masterclass: Digital Marketing;Coaching Program;73;1;73;Indonesia;ClickFunnels;Facebook Ads;9
12/28/2024;Hiram;Male;Masterclass: Digital Marketing;E-book;61;3;183;China;Teachable;Email;6
09/11/2024;Cosme;Male;AI Course for Beginners;Subscription;135;4;540;France;Direct;Affiliate;8
10/07/2024;Emmeline;Female;Project Management Toolkit;Subscription;103;2;206;Russia;ClickFunnels;Paid Ads;2
05/11/2025;Becky;Female;Masterclass: Digital Marketing;Subscription;31;4;124;Mongolia;Shopify;Paid Ads;10
11/08/2024;Rayshell;Polygender;Productivity Booster Pack;Coaching Program;47;1;47;France;Kajabi;Email;4
7/19/2024;Oswald;Male;AI Course for Beginners;E-book;24;3;72;Pakistan;Gumroad;Affiliate;1
5/30/2025;Jessy;Female;Project Management Toolkit;E-book;64;4;256;Netherlands;Gumroad;Email;0
12/27/2024;Stephana;Female;Webinar: Launch Your First Course;Subscription;51;3;153;Poland;ClickFunnels;Affiliate;8
7/19/2024;Dael;Male;Productivity Booster Pack;Course;70;1;70;Greece;Gumroad;Instagram;4
05/05/2025;Shannan;Male;Content Calendar Pro;Coaching Program;50;1;50;Zambia;Direct;Affiliate;0
11/20/2024;Maximilien;Male;AI Course for Beginners;Webinar;74;2;148;Hungary;ClickFunnels;Facebook Ads;10
10/08/2024;Alden;Male;AI Course for Beginners;E-book;59;3;177;Sweden;Direct;TikTok;7
02/12/2025;Sloane;Male;Ultimate Planner Hub;Course;52;3;156;Portugal;ClickFunnels;Organic Search;2
03/11/2025;Ariadne;Female;Ultimate Planner Hub;Webinar;65;5;325;Indonesia;Teachable;YouTube;6
05/02/2025;Maire;Genderqueer;Ultimate Planner Hub;Webinar;26;4;104;Sweden;ClickFunnels;Email;0
01/02/2025;Scotti;Male;AI Course for Beginners;Webinar;49;2;98;Puerto Rico;Kajabi;Paid Ads;7
02/05/2025;Rem;Male;Project Management Toolkit;Course;144;3;432;Indonesia;Kajabi;Paid Ads;6
6/24/2025;Baird;Male;Ultimate Planner Hub;Course;98;1;98;Portugal;ClickFunnels;Facebook Ads;4
01/05/2025;Peder;Male;Masterclass: Digital Marketing;Coaching Program;97;4;388;Russia;Teachable;Organic Search;0
10/07/2024;Peri;Female;Content Calendar Pro;E-book;148;3;444;Mayotte;Direct;Facebook Ads;1
11/06/2024;Harris;Male;Project Management Toolkit;Subscription;59;5;295;China;Gumroad;Affiliate;0
03/05/2025;Ruthann;Female;Webinar: Launch Your First Course;Template;92;5;460;Philippines;Teachable;Organic Search;6
1/18/2025;Bobina;Female;Habit Tracker for Creators;E-book;95;4;380;China;Kajabi;TikTok;6
10/29/2024;Meredith;Female;Ultimate Planner Hub;Course;127;2;254;Serbia;Shopify;Organic Search;0
10/26/2024;Jerrilee;Polygender;Notion Second Brain;Coaching Program;105;2;210;Guatemala;Gumroad;Affiliate;2
3/26/2025;Vilma;Female;AI Course for Beginners;E-book;63;1;63;China;Direct;Email;9
12/29/2024;Abbott;Male;Habit Tracker for Creators;Webinar;117;1;117;Morocco;Shopify;Email;6
8/18/2024;Clarie;Non-binary;Habit Tracker for Creators;E-book;107;5;535;Russia;Shopify;Paid Ads;1
08/02/2024;Theressa;Female;Masterclass: Digital Marketing;E-book;149;3;447;France;Teachable;TikTok;8
9/13/2024;Prudi;Genderqueer;Content Calendar Pro;Course;136;5;680;Honduras;Shopify;Instagram;9
10/09/2024;Car;Male;Content Calendar Pro;Coaching Program;32;2;64;Vietnam;Kajabi;YouTube;0
10/08/2024;Lurlene;Female;Habit Tracker for Creators;Coaching Program;52;1;52;Russia;Teachable;Organic Search;5
12/17/2024;Tildy;Female;Financial Tracker;Template;87;1;87;Kazakhstan;Kajabi;Affiliate;3
08/01/2024;Chet;Male;Masterclass: Digital Marketing;Course;138;5;690;Sweden;ClickFunnels;YouTube;0
10/19/2024;Ban;Male;Productivity Booster Pack;Template;40;5;200;Zambia;ClickFunnels;Email;5
5/22/2025;Danny;Male;Productivity Booster Pack;E-book;104;4;416;Portugal;Shopify;Email;3
11/22/2024;Roxy;Female;Masterclass: Digital Marketing;Webinar;29;5;145;Indonesia;Teachable;Affiliate;1
6/27/2024;Maxie;Male;Masterclass: Digital Marketing;Coaching Program;86;2;172;Indonesia;ClickFunnels;YouTube;6
5/28/2025;Cordula;Female;Financial Tracker;Template;25;3;75;Lithuania;Shopify;Affiliate;5
11/03/2024;Lucy;Agender;Habit Tracker for Creators;Coaching Program;108;5;540;Russia;ClickFunnels;TikTok;4
2/20/2025;Courtnay;Female;Financial Tracker;Coaching Program;79;4;316;United States;Gumroad;Organic Search;2
11/18/2024;Carrissa;Female;Notion Second Brain;Subscription;140;4;560;Czech Republic;Teachable;Organic Search;5
6/16/2025;Elvis;Male;AI Course for Beginners;Template;125;4;500;Russia;Gumroad;Organic Search;7
1/30/2025;Dosi;Female;Webinar: Launch Your First Course;Template;122;4;488;Indonesia;Gumroad;Email;3
02/06/2025;Sari;Female;Project Management Toolkit;Subscription;143;3;429;Greece;Gumroad;Paid Ads;10
01/12/2025;Kingsley;Male;Notion Second Brain;Course;96;2;192;Poland;Shopify;Facebook Ads;4
01/09/2025;Saundra;Female;Ultimate Planner Hub;Webinar;111;5;555;Indonesia;Direct;Instagram;4
4/22/2025;Cornelius;Male;Ultimate Planner Hub;Subscription;79;5;395;Vietnam;Kajabi;Organic Search;3
3/21/2025;Lloyd;Male;Content Calendar Pro;Subscription;114;4;456;China;ClickFunnels;Facebook Ads;5
2/19/2025;Consalve;Male;Masterclass: Digital Marketing;Coaching Program;127;1;127;Venezuela;Kajabi;Affiliate;2
07/09/2024;Ilse;Female;Masterclass: Digital Marketing;Coaching Program;93;5;465;China;Direct;Organic Search;8
12/18/2024;Guillaume;Male;Ultimate Planner Hub;Template;132;5;660;Afghanistan;ClickFunnels;Instagram;0
11/10/2024;Sherill;Female;Ultimate Planner Hub;E-book;134;4;536;Malaysia;Teachable;Instagram;6
3/17/2025;Reg;Male;Masterclass: Digital Marketing;Webinar;120;2;240;United States;Teachable;Paid Ads;2
7/26/2024;Gilbertina;Female;Project Management Toolkit;Coaching Program;26;4;104;China;Gumroad;Instagram;8
2/17/2025;Maurise;Female;Productivity Booster Pack;Webinar;38;3;114;Russia;ClickFunnels;YouTube;5
12/27/2024;Jenica;Female;Webinar: Launch Your First Course;Coaching Program;102;1;102;China;ClickFunnels;Organic Search;2
7/18/2024;Ahmad;Non-binary;Notion Second Brain;Webinar;71;5;355;Lithuania;Gumroad;TikTok;6
9/29/2024;Kristo;Male;Habit Tracker for Creators;Template;103;5;515;China;Kajabi;Instagram;5
6/30/2024;Jeannette;Agender;Project Management Toolkit;E-book;104;1;104;China;Kajabi;Paid Ads;8
6/17/2025;Cullan;Male;Productivity Booster Pack;Subscription;105;2;210;Russia;Teachable;Paid Ads;1
5/31/2025;Viola;Female;Habit Tracker for Creators;Webinar;79;5;395;Latvia;Direct;Instagram;5
3/24/2025;Boyce;Male;Financial Tracker;Subscription;80;1;80;China;ClickFunnels;Facebook Ads;5
12/23/2024;Dirk;Male;Financial Tracker;Subscription;128;5;640;Ukraine;Teachable;Facebook Ads;10
07/11/2024;Rhea;Female;Productivity Booster Pack;Subscription;82;5;410;France;Kajabi;Paid Ads;1
8/30/2024;Rodrick;Male;AI Course for Beginners;Webinar;124;2;248;China;Gumroad;Instagram;9
10/28/2024;Rik;Male;Content Calendar Pro;Coaching Program;125;3;375;Sweden;Direct;YouTube;1
12/11/2024;Anet;Genderqueer;Masterclass: Digital Marketing;Course;107;5;535;Russia;Kajabi;YouTube;7
10/14/2024;Lewie;Male;Productivity Booster Pack;Template;71;4;284;Vietnam;ClickFunnels;Paid Ads;5
1/25/2025;Stanleigh;Male;Ultimate Planner Hub;Course;99;5;495;Indonesia;Shopify;TikTok;5
07/12/2024;Kirby;Female;Habit Tracker for Creators;Course;88;3;264;Serbia;ClickFunnels;Organic Search;5
10/14/2024;Bear;Male;Project Management Toolkit;E-book;109;5;545;Norway;Gumroad;YouTube;4
10/14/2024;Leslie;Female;Webinar: Launch Your First Course;Coaching Program;58;4;232;Indonesia;ClickFunnels;Paid Ads;1
9/21/2024;Isahella;Female;Webinar: Launch Your First Course;Subscription;67;5;335;Russia;Teachable;Email;7
3/26/2025;Roth;Male;Masterclass: Digital Marketing;Subscription;131;4;524;Norway;Shopify;Affiliate;7
11/01/2024;Trueman;Male;Habit Tracker for Creators;Webinar;114;3;342;Poland;Gumroad;Instagram;10
06/03/2025;Caryn;Agender;Ultimate Planner Hub;E-book;58;4;232;Sweden;Teachable;TikTok;3
12/27/2024;Amble;Male;Masterclass: Digital Marketing;Template;146;3;438;Brazil;ClickFunnels;Affiliate;1
3/14/2025;Rutter;Male;Financial Tracker;Course;24;3;72;Brazil;Gumroad;Email;7
09/03/2024;Quentin;Female;Project Management Toolkit;Template;31;4;124;China;Kajabi;Paid Ads;1
12/02/2024;Laraine;Female;Notion Second Brain;Course;137;4;548;Sweden;ClickFunnels;Paid Ads;9
07/02/2024;Morgan;Male;Habit Tracker for Creators;Subscription;104;1;104;Sweden;Teachable;TikTok;0
08/06/2024;Kristi;Female;Ultimate Planner Hub;Webinar;58;5;290;Greece;Shopify;Facebook Ads;8
12/04/2024;Herschel;Male;Webinar: Launch Your First Course;E-book;90;3;270;Cuba;Kajabi;Organic Search;0
11/04/2024;Toma;Female;Ultimate Planner Hub;Webinar;134;4;536;Colombia;Direct;Organic Search;1
5/17/2025;Welbie;Male;Webinar: Launch Your First Course;Webinar;122;1;122;Ukraine;Kajabi;Affiliate;7
4/17/2025;Cory;Female;Content Calendar Pro;Webinar;63;1;63;China;Gumroad;Organic Search;8
3/27/2025;Corella;Female;Notion Second Brain;Subscription;105;4;420;Israel;Direct;TikTok;5
12/02/2024;Jory;Male;Webinar: Launch Your First Course;Subscription;40;3;120;Uzbekistan;Kajabi;Affiliate;1
4/23/2025;Merrily;Female;Project Management Toolkit;Webinar;119;2;238;Cameroon;Teachable;Paid Ads;7
01/11/2025;Sonni;Female;Financial Tracker;Subscription;125;2;250;Kyrgyzstan;Teachable;TikTok;10
09/07/2024;Vaughn;Male;Project Management Toolkit;Course;148;2;296;Czech Republic;Direct;Affiliate;2
1/16/2025;Rora;Female;Habit Tracker for Creators;Coaching Program;61;5;305;China;Gumroad;Affiliate;5
6/26/2024;Gabrielle;Female;Ultimate Planner Hub;Course;93;3;279;Indonesia;Shopify;Instagram;8
3/26/2025;Daisey;Female;Financial Tracker;Course;101;1;101;Montenegro;Gumroad;Facebook Ads;4
9/25/2024;Julianne;Female;Habit Tracker for Creators;Template;146;4;584;Sweden;Kajabi;YouTube;9
6/23/2025;Owen;Genderqueer;Habit Tracker for Creators;Template;140;1;140;China;Kajabi;Organic Search;7
04/04/2025;Nannie;Female;Financial Tracker;Template;33;4;132;China;Kajabi;Instagram;4
4/28/2025;Arnie;Male;Productivity Booster Pack;Course;96;3;288;Philippines;Teachable;Affiliate;6
1/20/2025;Tobiah;Male;AI Course for Beginners;Webinar;53;1;53;Philippines;Direct;Organic Search;2
11/28/2024;Carmita;Non-binary;Notion Second Brain;Course;89;5;445;Brazil;ClickFunnels;YouTube;8
4/28/2025;Mariya;Female;Productivity Booster Pack;Webinar;58;5;290;China;Shopify;TikTok;6
8/28/2024;Erena;Female;Habit Tracker for Creators;Coaching Program;128;2;256;Poland;Teachable;Facebook Ads;9
2/21/2025;Jessey;Male;AI Course for Beginners;Subscription;67;2;134;Honduras;Shopify;TikTok;3
1/20/2025;Hobie;Male;Financial Tracker;Coaching Program;113;1;113;Benin;Shopify;Email;3
4/14/2025;Trixy;Female;AI Course for Beginners;Course;61;2;122;United Kingdom;ClickFunnels;TikTok;8
3/22/2025;Jacquelin;Female;Financial Tracker;Course;140;2;280;Poland;Direct;Affiliate;1
1/14/2025;Garret;Male;Financial Tracker;Subscription;134;2;268;Poland;Kajabi;Organic Search;8
1/24/2025;Tilly;Female;AI Course for Beginners;Coaching Program;142;4;568;Canada;ClickFunnels;TikTok;10
8/20/2024;Kari;Female;Masterclass: Digital Marketing;Webinar;30;3;90;China;Shopify;Paid Ads;7
11/10/2024;Lonny;Male;Masterclass: Digital Marketing;Course;113;2;226;Cameroon;Shopify;Email;8
2/15/2025;Emmery;Male;Ultimate Planner Hub;Course;148;1;148;Sweden;Shopify;Paid Ads;0
9/19/2024;Maryellen;Female;Productivity Booster Pack;Course;137;3;411;Italy;Kajabi;YouTube;7
2/24/2025;Manya;Female;Content Calendar Pro;Course;135;3;405;Indonesia;Gumroad;Facebook Ads;10
9/20/2024;Tanner;Male;Habit Tracker for Creators;Coaching Program;66;5;330;Myanmar;Kajabi;Paid Ads;6
12/02/2024;Shirlene;Female;Content Calendar Pro;Course;124;1;124;China;Teachable;YouTube;5
1/17/2025;Zelma;Female;AI Course for Beginners;Template;74;1;74;United States;Kajabi;Affiliate;3
4/26/2025;Drusy;Bigender;Project Management Toolkit;Webinar;58;4;232;Croatia;Kajabi;TikTok;4
08/12/2024;Cos;Male;AI Course for Beginners;E-book;143;1;143;Peru;Direct;Instagram;3
02/03/2025;Ritchie;Male;Webinar: Launch Your First Course;Coaching Program;117;3;351;Portugal;Gumroad;Facebook Ads;2
1/22/2025;Ameline;Female;Habit Tracker for Creators;Course;99;3;297;Ukraine;Direct;YouTube;10
09/03/2024;Rica;Bigender;Ultimate Planner Hub;E-book;30;2;60;Brazil;Kajabi;Facebook Ads;1
12/27/2024;Laraine;Female;Ultimate Planner Hub;E-book;72;5;360;Indonesia;ClickFunnels;Paid Ads;2
10/20/2024;Aldis;Male;Financial Tracker;Template;107;1;107;Peru;Gumroad;Instagram;10
08/05/2024;Rora;Female;Project Management Toolkit;Subscription;102;2;204;Indonesia;Gumroad;Email;8
08/12/2024;Inessa;Female;Masterclass: Digital Marketing;Course;22;3;66;China;Kajabi;Affiliate;4
05/11/2025;Aubert;Male;Webinar: Launch Your First Course;Webinar;117;4;468;Sweden;Shopify;Facebook Ads;1
04/02/2025;Maddi;Female;Notion Second Brain;Template;48;3;144;Norway;Teachable;Facebook Ads;6
08/07/2024;Averell;Male;Masterclass: Digital Marketing;Webinar;50;1;50;Poland;Teachable;Paid Ads;10
7/22/2024;Cristiano;Male;AI Course for Beginners;Subscription;23;1;23;Canada;Gumroad;Instagram;10
08/04/2024;Manda;Female;Ultimate Planner Hub;Course;118;5;590;China;Kajabi;TikTok;0
8/26/2024;Joline;Agender;AI Course for Beginners;E-book;48;5;240;China;Kajabi;Facebook Ads;5
06/02/2025;Cody;Male;Productivity Booster Pack;Template;26;5;130;Guadeloupe;Direct;Affiliate;4
12/06/2024;Bale;Male;Notion Second Brain;Course;131;3;393;Russia;Kajabi;Facebook Ads;0
09/12/2024;Fulton;Male;Habit Tracker for Creators;Subscription;41;1;41;Portugal;Kajabi;Email;8
9/19/2024;Thain;Male;Habit Tracker for Creators;E-book;133;4;532;Brazil;Kajabi;YouTube;0
2/14/2025;Bobette;Female;Productivity Booster Pack;Course;60;4;240;Libya;Shopify;Email;2
11/07/2024;Terencio;Male;Productivity Booster Pack;Subscription;106;1;106;Ireland;Shopify;Organic Search;7
3/25/2025;Joycelin;Female;Content Calendar Pro;Template;65;5;325;Azerbaijan;Direct;YouTube;7
07/10/2024;Reube;Male;Ultimate Planner Hub;Template;40;5;200;Venezuela;Teachable;Paid Ads;9
9/14/2024;Inger;Genderqueer;Ultimate Planner Hub;Webinar;90;5;450;Chile;Shopify;TikTok;8
05/03/2025;Boothe;Male;Financial Tracker;Coaching Program;78;1;78;China;Kajabi;Affiliate;4
7/18/2024;Boycey;Male;Productivity Booster Pack;Coaching Program;71;4;284;Portugal;Teachable;YouTube;4
10/04/2024;Veronique;Genderqueer;Content Calendar Pro;Subscription;119;3;357;Sweden;ClickFunnels;Email;1
06/01/2025;Johnny;Male;AI Course for Beginners;Subscription;132;4;528;Venezuela;Direct;YouTube;8
8/16/2024;Monty;Male;Habit Tracker for Creators;Template;80;4;320;Republic of the Congo;Teachable;Facebook Ads;10
2/19/2025;Denni;Female;Financial Tracker;Subscription;41;1;41;Philippines;Gumroad;TikTok;6
08/03/2024;Bordie;Male;Masterclass: Digital Marketing;Template;133;3;399;Indonesia;Gumroad;Instagram;8
10/26/2024;Adriaens;Female;Project Management Toolkit;Course;91;4;364;Portugal;Shopify;Paid Ads;5
10/18/2024;Karoly;Female;Masterclass: Digital Marketing;Coaching Program;57;3;171;Czech Republic;Kajabi;TikTok;3
6/18/2025;Shalne;Female;Habit Tracker for Creators;Webinar;89;5;445;Indonesia;Shopify;YouTube;3
7/27/2024;Joli;Female;Habit Tracker for Creators;E-book;56;5;280;China;Gumroad;Affiliate;4
04/06/2025;Cordelia;Female;Project Management Toolkit;E-book;133;2;266;China;Direct;Instagram;1
12/06/2024;Raquela;Female;AI Course for Beginners;Subscription;49;2;98;Venezuela;Kajabi;Affiliate;10
05/08/2025;Barrie;Polygender;Content Calendar Pro;Template;139;5;695;Italy;Shopify;Affiliate;1
07/03/2024;Onofredo;Male;Productivity Booster Pack;Course;58;1;58;Netherlands;Shopify;YouTube;4
10/24/2024;Filbert;Male;Webinar: Launch Your First Course;Template;81;4;324;France;Gumroad;Affiliate;9
12/09/2024;Hendrika;Female;Project Management Toolkit;Template;142;4;568;Indonesia;Gumroad;Paid Ads;10
5/15/2025;Odey;Male;Ultimate Planner Hub;Subscription;77;3;231;China;Kajabi;Email;7
3/16/2025;Cletus;Male;Productivity Booster Pack;Subscription;148;2;296;Poland;Kajabi;Affiliate;4
3/25/2025;Isa;Agender;Project Management Toolkit;E-book;118;1;118;Indonesia;Teachable;Organic Search;1
12/11/2024;Arty;Male;AI Course for Beginners;E-book;48;2;96;Finland;Gumroad;Instagram;5
02/11/2025;Clint;Male;Project Management Toolkit;Course;82;4;328;Philippines;Gumroad;Paid Ads;6
2/21/2025;Farlee;Male;Project Management Toolkit;Subscription;119;2;238;China;Kajabi;Organic Search;5
12/05/2024;Reinald;Male;Masterclass: Digital Marketing;E-book;33;1;33;Serbia;Direct;Instagram;5
8/22/2024;Oriana;Genderfluid;Project Management Toolkit;Webinar;38;2;76;Thailand;Kajabi;Instagram;4
06/07/2025;Claybourne;Male;Ultimate Planner Hub;Course;47;3;141;Czech Republic;Teachable;Paid Ads;8
11/25/2024;Dido;Female;Productivity Booster Pack;E-book;148;1;148;Portugal;Teachable;TikTok;2
12/14/2024;Irv;Male;Financial Tracker;Webinar;134;1;134;Portugal;Shopify;YouTube;2
08/06/2024;Lind;Agender;Productivity Booster Pack;Webinar;68;2;136;Indonesia;Direct;Instagram;6
12/22/2024;Blinny;Female;Ultimate Planner Hub;E-book;34;3;102;Canada;Teachable;Facebook Ads;4
1/31/2025;Zach;Male;Masterclass: Digital Marketing;E-book;20;3;60;China;ClickFunnels;Affiliate;8
10/02/2024;Britt;Male;Financial Tracker;E-book;125;4;500;Indonesia;Teachable;Affiliate;8
03/04/2025;Phyllida;Female;AI Course for Beginners;Course;41;2;82;Norway;Direct;Affiliate;9
06/02/2025;Lew;Male;Content Calendar Pro;E-book;32;2;64;Canada;Gumroad;Instagram;0
10/24/2024;Annora;Female;Notion Second Brain;Template;107;4;428;Egypt;Direct;Organic Search;5
8/30/2024;Pietrek;Male;Productivity Booster Pack;Webinar;98;1;98;Norway;Kajabi;Organic Search;2
04/04/2025;Elita;Female;Masterclass: Digital Marketing;Course;84;4;336;Bulgaria;ClickFunnels;Email;5
11/12/2024;Charleen;Female;Notion Second Brain;Subscription;89;5;445;Madagascar;Gumroad;YouTube;7
12/24/2024;Fairfax;Male;Ultimate Planner Hub;Webinar;106;3;318;China;ClickFunnels;YouTube;9
05/03/2025;Baxter;Polygender;AI Course for Beginners;Template;55;3;165;Iran;Gumroad;Email;6
9/15/2024;Hershel;Male;Content Calendar Pro;Template;67;5;335;Estonia;Teachable;Email;9
11/03/2024;Nappie;Male;Habit Tracker for Creators;Coaching Program;94;5;470;South Africa;Shopify;Paid Ads;2
5/13/2025;Odetta;Female;Productivity Booster Pack;Template;37;2;74;Czech Republic;Shopify;TikTok;10
5/26/2025;Carlen;Genderqueer;Masterclass: Digital Marketing;Course;45;1;45;China;Kajabi;Instagram;8
12/04/2024;Juliana;Female;Ultimate Planner Hub;Course;137;3;411;Honduras;Gumroad;Facebook Ads;6
5/30/2025;Nappy;Male;Webinar: Launch Your First Course;Subscription;122;4;488;France;Shopify;YouTube;1
2/24/2025;Nate;Male;Ultimate Planner Hub;Subscription;77;5;385;Poland;Gumroad;Instagram;7
8/28/2024;Reece;Male;Content Calendar Pro;Course;124;4;496;Indonesia;Direct;Facebook Ads;9
04/01/2025;Hurleigh;Male;Content Calendar Pro;Subscription;119;5;595;Brazil;Gumroad;Organic Search;6
06/03/2025;Trenton;Male;Notion Second Brain;E-book;142;1;142;Indonesia;ClickFunnels;Paid Ads;3
10/25/2024;Gerianne;Female;Financial Tracker;Course;25;5;125;China;Teachable;Paid Ads;10
9/26/2024;Aloise;Female;AI Course for Beginners;Template;102;2;204;Mexico;Kajabi;Paid Ads;5
1/28/2025;Angeli;Male;Project Management Toolkit;E-book;125;3;375;Japan;ClickFunnels;Instagram;4
6/22/2025;Malissia;Female;Content Calendar Pro;Subscription;144;3;432;Philippines;Teachable;Organic Search;8
11/07/2024;Myrah;Genderqueer;Financial Tracker;Subscription;117;3;351;France;ClickFunnels;TikTok;9
7/16/2024;Cesya;Female;Notion Second Brain;E-book;118;3;354;China;Direct;Facebook Ads;1
08/07/2024;Pebrook;Male;Productivity Booster Pack;Template;90;4;360;Philippines;Kajabi;Facebook Ads;8
12/04/2024;Noelle;Female;Project Management Toolkit;Webinar;26;4;104;Indonesia;Teachable;Instagram;8
11/17/2024;Simona;Female;Project Management Toolkit;Subscription;89;2;178;Malaysia;Teachable;Paid Ads;8
5/18/2025;Julina;Female;Webinar: Launch Your First Course;Course;128;4;512;China;Direct;Email;3
4/24/2025;Estel;Female;Notion Second Brain;Course;40;4;160;Indonesia;ClickFunnels;Organic Search;7
4/26/2025;Vera;Female;Notion Second Brain;Template;134;1;134;Finland;Shopify;Instagram;7
09/10/2024;Massimiliano;Male;Habit Tracker for Creators;E-book;143;2;286;South Korea;Teachable;Affiliate;9
12/24/2024;Karin;Female;Notion Second Brain;Course;80;5;400;Philippines;ClickFunnels;Email;6
11/07/2024;Meir;Male;Habit Tracker for Creators;Course;26;3;78;Austria;Kajabi;Paid Ads;7
1/30/2025;Quintus;Male;Masterclass: Digital Marketing;Webinar;29;4;116;Liberia;Kajabi;Facebook Ads;5
04/09/2025;Tracy;Male;Masterclass: Digital Marketing;Template;105;3;315;Kenya;ClickFunnels;TikTok;1
12/01/2024;Cecil;Female;Content Calendar Pro;Coaching Program;54;4;216;Belarus;Kajabi;Instagram;0
03/04/2025;Rickie;Non-binary;Notion Second Brain;Course;92;2;184;Norway;Shopify;Affiliate;8
6/18/2025;Salvatore;Male;Productivity Booster Pack;Webinar;87;3;261;Poland;Kajabi;TikTok;5
9/25/2024;Caitlin;Female;Webinar: Launch Your First Course;Template;54;1;54;Estonia;Kajabi;Paid Ads;3
07/05/2024;Aldus;Polygender;Project Management Toolkit;Course;144;2;288;Philippines;Kajabi;Instagram;8
4/13/2025;Pammie;Female;Project Management Toolkit;Template;60;1;60;Poland;ClickFunnels;TikTok;0
11/27/2024;Laure;Female;Habit Tracker for Creators;Webinar;68;5;340;China;Teachable;YouTube;7
6/22/2025;Cari;Female;Habit Tracker for Creators;Template;74;2;148;Indonesia;Gumroad;YouTube;0
05/11/2025;Myrtle;Female;Masterclass: Digital Marketing;E-book;45;3;135;Israel;Gumroad;Affiliate;8
8/22/2024;Ulises;Male;Ultimate Planner Hub;Template;141;5;705;China;ClickFunnels;Affiliate;10
4/24/2025;Christean;Female;Productivity Booster Pack;Course;85;4;340;Libya;Direct;Email;6
2/17/2025;Gerladina;Female;Habit Tracker for Creators;E-book;125;4;500;Malawi;Shopify;TikTok;5
4/21/2025;Garfield;Male;Webinar: Launch Your First Course;Webinar;106;3;318;Qatar;Shopify;Email;4
05/05/2025;Sylvia;Female;Productivity Booster Pack;E-book;102;4;408;China;Teachable;YouTube;0
3/28/2025;Gordon;Male;Notion Second Brain;Course;87;2;174;Comoros;Gumroad;TikTok;5
4/21/2025;Vinnie;Male;Project Management Toolkit;Coaching Program;37;2;74;Portugal;ClickFunnels;Organic Search;7
8/17/2024;Kiley;Male;Habit Tracker for Creators;Subscription;131;1;131;Philippines;Gumroad;TikTok;5
2/26/2025;Melina;Non-binary;Project Management Toolkit;Coaching Program;147;3;441;Benin;Shopify;TikTok;8
8/18/2024;Kahaleel;Male;Habit Tracker for Creators;E-book;130;1;130;United States;Direct;TikTok;0
12/28/2024;Jayme;Male;Webinar: Launch Your First Course;Coaching Program;100;4;400;Russia;Gumroad;Organic Search;5
3/26/2025;Laney;Male;Webinar: Launch Your First Course;Template;141;2;282;Mexico;Teachable;Facebook Ads;8
07/04/2024;Ardith;Female;Financial Tracker;Subscription;64;4;256;France;Teachable;Instagram;8
6/16/2025;Floria;Female;Project Management Toolkit;Webinar;32;4;128;Poland;Teachable;Organic Search;2
9/23/2024;Zia;Female;Ultimate Planner Hub;Coaching Program;120;2;240;Peru;Direct;Email;2
03/06/2025;Kiri;Female;Notion Second Brain;Course;93;2;186;Gambia;Gumroad;Organic Search;6
12/25/2024;Evie;Female;Habit Tracker for Creators;Webinar;143;2;286;China;Teachable;Facebook Ads;8
12/21/2024;Paulo;Male;AI Course for Beginners;Course;35;4;140;Indonesia;Kajabi;Organic Search;8
08/11/2024;Teri;Female;Content Calendar Pro;Course;82;4;328;China;Shopify;Facebook Ads;0
12/24/2024;Gerry;Male;Notion Second Brain;Coaching Program;122;2;244;Thailand;Kajabi;Email;7
6/15/2025;Min;Female;Financial Tracker;Subscription;62;1;62;Indonesia;Gumroad;Paid Ads;1
2/14/2025;Sayer;Male;AI Course for Beginners;E-book;137;3;411;Russia;Gumroad;Organic Search;9
1/28/2025;Adrea;Female;Webinar: Launch Your First Course;Coaching Program;121;5;605;Indonesia;ClickFunnels;Affiliate;3
9/17/2024;Venus;Female;Project Management Toolkit;Template;38;5;190;Russia;Gumroad;Paid Ads;3
8/15/2024;Camila;Female;Project Management Toolkit;Course;78;2;156;Poland;Kajabi;YouTube;7
11/08/2024;Rory;Female;Productivity Booster Pack;Subscription;33;4;132;Portugal;Teachable;Affiliate;2
4/23/2025;Emerson;Male;Ultimate Planner Hub;Webinar;140;3;420;Philippines;ClickFunnels;YouTube;3
4/27/2025;Eliot;Polygender;Productivity Booster Pack;Webinar;93;4;372;Czech Republic;Teachable;Affiliate;2
12/16/2024;Loreen;Female;Ultimate Planner Hub;Webinar;35;1;35;Russia;Shopify;YouTube;6
12/02/2024;Marcel;Non-binary;Ultimate Planner Hub;Subscription;74;5;370;Sweden;Shopify;Email;6
06/12/2025;Andre;Male;Ultimate Planner Hub;Course;85;2;170;Albania;Gumroad;Email;5
09/11/2024;Purcell;Male;Financial Tracker;Template;141;5;705;South Africa;Direct;Affiliate;4
1/13/2025;Renee;Agender;AI Course for Beginners;E-book;97;5;485;Macedonia;ClickFunnels;Paid Ads;9
8/13/2024;Darill;Male;Content Calendar Pro;Subscription;89;5;445;China;Gumroad;Instagram;3
07/09/2024;Pieter;Male;Project Management Toolkit;Coaching Program;32;1;32;Mali;ClickFunnels;YouTube;9
11/11/2024;Gunner;Male;Habit Tracker for Creators;Coaching Program;78;2;156;Portugal;Gumroad;Facebook Ads;3
4/13/2025;Pauletta;Female;Ultimate Planner Hub;E-book;135;2;270;Philippines;Direct;Facebook Ads;9
12/15/2024;Duncan;Male;Notion Second Brain;Template;136;3;408;Indonesia;Kajabi;Affiliate;9
3/17/2025;Neville;Male;AI Course for Beginners;Coaching Program;24;5;120;China;Kajabi;Instagram;1
8/13/2024;Issie;Female;Notion Second Brain;E-book;66;4;264;Russia;Gumroad;Instagram;2
04/06/2025;Webster;Male;Financial Tracker;Coaching Program;139;2;278;Ukraine;Direct;YouTube;1
11/24/2024;Sibyl;Female;Project Management Toolkit;Template;49;1;49;Thailand;Teachable;YouTube;6
12/08/2024;Nickolas;Male;Ultimate Planner Hub;Template;100;5;500;Philippines;Gumroad;Affiliate;4
09/08/2024;Roz;Female;Notion Second Brain;Course;113;1;113;Sweden;Gumroad;Instagram;7
11/04/2024;Roseanne;Female;AI Course for Beginners;Coaching Program;82;3;246;Portugal;Direct;TikTok;9
1/14/2025;Silvan;Male;Notion Second Brain;Subscription;115;1;115;Philippines;Teachable;TikTok;0
11/04/2024;Trevar;Male;Habit Tracker for Creators;Subscription;106;2;212;Sweden;ClickFunnels;TikTok;5
07/08/2024;Goober;Male;Content Calendar Pro;Course;69;2;138;Russia;ClickFunnels;Instagram;4
11/23/2024;Mina;Female;Content Calendar Pro;Course;88;2;176;Uruguay;Gumroad;TikTok;8
7/16/2024;Dominique;Male;Project Management Toolkit;Course;22;3;66;Belarus;Gumroad;Affiliate;8
10/26/2024;Melitta;Female;Financial Tracker;Subscription;87;5;435;Peru;Direct;TikTok;5
9/17/2024;Gustavus;Male;Financial Tracker;E-book;50;4;200;Russia;Kajabi;Paid Ads;9
11/23/2024;Esmeralda;Female;Ultimate Planner Hub;Subscription;36;2;72;Indonesia;Shopify;TikTok;8
7/17/2024;Jarrod;Male;Masterclass: Digital Marketing;Template;105;5;525;Montenegro;Direct;Organic Search;2
11/13/2024;Mufi;Female;Project Management Toolkit;Course;30;5;150;China;Direct;Facebook Ads;10
10/21/2024;Archie;Male;Habit Tracker for Creators;E-book;34;5;170;China;Direct;Organic Search;1
5/30/2025;Roxy;Non-binary;AI Course for Beginners;E-book;97;3;291;Luxembourg;Direct;Organic Search;6
12/12/2024;Diana;Female;Webinar: Launch Your First Course;Subscription;76;2;152;Indonesia;Shopify;Facebook Ads;5
2/28/2025;Ruthie;Female;Ultimate Planner Hub;Template;33;5;165;China;ClickFunnels;Organic Search;2
2/16/2025;Violet;Female;Habit Tracker for Creators;Subscription;50;2;100;China;Direct;Paid Ads;3
10/20/2024;Iago;Male;AI Course for Beginners;E-book;100;4;400;Canada;Teachable;Paid Ads;2
6/30/2024;Shanan;Male;Project Management Toolkit;Subscription;44;4;176;Ukraine;Teachable;Instagram;0
01/11/2025;Biddy;Female;Ultimate Planner Hub;Subscription;73;3;219;Indonesia;Teachable;Facebook Ads;0
9/17/2024;Margery;Female;Notion Second Brain;Webinar;30;4;120;Russia;Kajabi;Organic Search;6
05/06/2025;Doralia;Female;Financial Tracker;Subscription;25;5;125;France;Kajabi;Organic Search;1
10/22/2024;Sigmund;Male;Webinar: Launch Your First Course;Webinar;19;1;19;Philippines;ClickFunnels;Email;3
5/17/2025;Marijn;Male;Productivity Booster Pack;Course;145;2;290;Venezuela;Teachable;Organic Search;10
4/21/2025;Sashenka;Genderqueer;Notion Second Brain;Template;56;4;224;Poland;Kajabi;Instagram;3
3/24/2025;Etti;Female;Financial Tracker;Webinar;46;5;230;Indonesia;Kajabi;YouTube;3
9/29/2024;Raleigh;Genderfluid;Habit Tracker for Creators;Webinar;86;1;86;Peru;ClickFunnels;Instagram;6
9/19/2024;Elden;Male;Webinar: Launch Your First Course;E-book;69;1;69;Yemen;Gumroad;Instagram;7
8/22/2024;Brandi;Female;AI Course for Beginners;Course;38;2;76;Czech Republic;Shopify;Paid Ads;0
1/25/2025;Theodore;Male;Productivity Booster Pack;Subscription;49;5;245;Kazakhstan;Direct;Organic Search;7
04/06/2025;Augustine;Male;Notion Second Brain;Webinar;143;2;286;Philippines;Gumroad;Facebook Ads;6
04/07/2025;Otis;Male;Content Calendar Pro;Subscription;127;2;254;Vietnam;ClickFunnels;Paid Ads;4
05/01/2025;Nil;Male;Productivity Booster Pack;E-book;117;1;117;Sweden;Shopify;Affiliate;7
07/12/2024;Ian;Bigender;Habit Tracker for Creators;Subscription;134;3;402;Russia;Gumroad;Paid Ads;3
1/25/2025;Jamesy;Male;Ultimate Planner Hub;Webinar;145;3;435;Indonesia;Kajabi;Instagram;10
1/22/2025;Edwin;Male;Notion Second Brain;Coaching Program;148;3;444;Brazil;Gumroad;Email;3
12/04/2024;Constantine;Bigender;AI Course for Beginners;Webinar;35;5;175;Republic of the Congo;Direct;Affiliate;3
11/11/2024;Lark;Female;Webinar: Launch Your First Course;Webinar;141;4;564;China;Teachable;YouTube;2
6/25/2024;Noll;Male;Notion Second Brain;E-book;140;2;280;Nicaragua;Shopify;Facebook Ads;5
09/07/2024;Lorenza;Female;Notion Second Brain;E-book;87;3;261;Zimbabwe;Gumroad;Paid Ads;5
05/06/2025;Hal;Male;Habit Tracker for Creators;Course;85;3;255;Indonesia;ClickFunnels;Affiliate;4
3/25/2025;Maire;Female;Content Calendar Pro;Coaching Program;147;4;588;Ivory Coast;Shopify;YouTube;7
8/15/2024;Saxe;Male;AI Course for Beginners;E-book;57;4;228;Colombia;Kajabi;YouTube;5
01/05/2025;Nappie;Male;AI Course for Beginners;Template;114;3;342;Philippines;Shopify;Facebook Ads;8
1/20/2025;Felice;Male;Webinar: Launch Your First Course;Template;130;4;520;Argentina;Gumroad;TikTok;1
6/15/2025;Xylina;Female;Webinar: Launch Your First Course;Webinar;80;5;400;China;ClickFunnels;Email;5
7/15/2024;Pearla;Female;Project Management Toolkit;Template;129;3;387;Russia;Gumroad;Instagram;9
09/11/2024;Germayne;Male;AI Course for Beginners;Webinar;112;4;448;Portugal;ClickFunnels;Facebook Ads;9
1/21/2025;Winne;Female;Webinar: Launch Your First Course;Coaching Program;131;2;262;Brazil;Direct;Paid Ads;9
1/24/2025;Isaac;Male;AI Course for Beginners;Subscription;134;4;536;Indonesia;Direct;Instagram;9
08/10/2024;Ulrick;Agender;Notion Second Brain;Webinar;75;1;75;Indonesia;Kajabi;Affiliate;3
03/12/2025;Dennie;Male;Masterclass: Digital Marketing;Coaching Program;41;5;205;Afghanistan;ClickFunnels;Paid Ads;2
07/08/2024;Graham;Male;Notion Second Brain;E-book;114;2;228;Russia;ClickFunnels;Paid Ads;5
02/05/2025;Sollie;Agender;Masterclass: Digital Marketing;E-book;96;4;384;Sweden;Kajabi;Affiliate;7
9/20/2024;Gregoor;Male;Content Calendar Pro;Coaching Program;47;1;47;Myanmar;Direct;Affiliate;9
3/13/2025;Alma;Female;Webinar: Launch Your First Course;Course;57;2;114;Canada;Gumroad;Paid Ads;1
5/22/2025;Chastity;Female;Productivity Booster Pack;Subscription;132;1;132;Portugal;Gumroad;Email;1
06/10/2025;Bernarr;Male;Notion Second Brain;Subscription;132;5;660;Greece;ClickFunnels;YouTube;6
8/13/2024;Andrus;Male;Notion Second Brain;Subscription;141;2;282;Indonesia;Shopify;Paid Ads;6
2/26/2025;Clim;Male;Habit Tracker for Creators;Webinar;76;3;228;Poland;Shopify;TikTok;9
6/28/2024;Jsandye;Female;Content Calendar Pro;Course;44;4;176;China;Shopify;Affiliate;5
06/03/2025;Elicia;Female;Project Management Toolkit;Coaching Program;105;5;525;Palestinian Territory;ClickFunnels;Facebook Ads;2
9/13/2024;Glynn;Male;Financial Tracker;E-book;101;5;505;Indonesia;Gumroad;Instagram;5
05/11/2025;Brendon;Male;Ultimate Planner Hub;Webinar;60;1;60;Ukraine;ClickFunnels;Facebook Ads;2
8/14/2024;Curran;Male;Habit Tracker for Creators;Template;146;5;730;Ukraine;Teachable;Facebook Ads;4
7/29/2024;Sallie;Female;AI Course for Beginners;Subscription;23;2;46;Colombia;Shopify;TikTok;3
8/22/2024;Jon;Male;Habit Tracker for Creators;Webinar;143;3;429;Czech Republic;Kajabi;YouTube;9
2/23/2025;Emmeline;Polygender;Financial Tracker;E-book;106;2;212;China;Kajabi;Instagram;2
8/26/2024;Vassili;Agender;Habit Tracker for Creators;Coaching Program;48;3;144;Yemen;ClickFunnels;Affiliate;10
3/25/2025;Costa;Male;Ultimate Planner Hub;Template;89;3;267;China;Shopify;Instagram;1
8/29/2024;Laughton;Male;Masterclass: Digital Marketing;Template;21;4;84;China;Teachable;TikTok;3
2/27/2025;Cull;Male;AI Course for Beginners;Template;77;2;154;Czech Republic;Teachable;Instagram;2
9/17/2024;Adams;Male;Financial Tracker;Course;66;5;330;Indonesia;ClickFunnels;Instagram;3
5/26/2025;Tonia;Female;Habit Tracker for Creators;Course;69;3;207;Mexico;Teachable;Facebook Ads;0
3/14/2025;Nada;Female;AI Course for Beginners;Webinar;91;3;273;Nigeria;Shopify;Organic Search;10
04/03/2025;Roby;Female;Webinar: Launch Your First Course;Subscription;96;3;288;Brazil;ClickFunnels;Email;6
1/31/2025;Mauricio;Male;Notion Second Brain;Subscription;91;4;364;Kenya;Teachable;Organic Search;5
11/14/2024;Thia;Female;Masterclass: Digital Marketing;Coaching Program;136;4;544;Brazil;Direct;Organic Search;10
7/23/2024;Lazar;Male;Webinar: Launch Your First Course;Subscription;57;1;57;Brazil;ClickFunnels;Organic Search;0
06/09/2025;Gayle;Female;Project Management Toolkit;E-book;46;2;92;China;Shopify;Organic Search;7
5/26/2025;Bentlee;Male;Financial Tracker;E-book;140;2;280;Philippines;Kajabi;Affiliate;8
7/31/2024;Gerek;Male;Notion Second Brain;Coaching Program;25;1;25;Indonesia;Kajabi;Paid Ads;4
9/25/2024;Bidget;Female;Webinar: Launch Your First Course;Subscription;97;5;485;Guatemala;Teachable;Affiliate;3
6/18/2025;Jolene;Female;Ultimate Planner Hub;Coaching Program;38;4;152;Japan;Gumroad;YouTube;8
02/12/2025;Mable;Female;AI Course for Beginners;Course;69;1;69;Slovenia;Kajabi;YouTube;1
6/21/2025;Gallard;Male;AI Course for Beginners;Template;74;2;148;Mexico;Gumroad;Email;3
04/08/2025;Warde;Male;Webinar: Launch Your First Course;E-book;84;3;252;China;Kajabi;Organic Search;0
1/13/2025;Henrietta;Female;Financial Tracker;Template;21;1;21;Indonesia;ClickFunnels;Organic Search;9
8/16/2024;Giffer;Male;Ultimate Planner Hub;Template;85;2;170;Botswana;Kajabi;Instagram;3
05/03/2025;Timothea;Female;Webinar: Launch Your First Course;E-book;112;4;448;South Korea;Teachable;YouTube;0
01/08/2025;Darill;Male;Content Calendar Pro;Coaching Program;57;4;228;China;Teachable;Facebook Ads;6
4/13/2025;Cathie;Polygender;Masterclass: Digital Marketing;Coaching Program;41;4;164;Brazil;Direct;YouTube;8
2/27/2025;Tonnie;Male;Financial Tracker;Course;48;2;96;Syria;Teachable;Affiliate;4
11/19/2024;Ransell;Male;Productivity Booster Pack;Webinar;133;1;133;China;Shopify;TikTok;2
8/31/2024;Maynord;Male;Habit Tracker for Creators;Webinar;104;3;312;Mexico;Gumroad;Facebook Ads;7
7/29/2024;Drona;Female;Productivity Booster Pack;Webinar;109;4;436;Poland;ClickFunnels;Affiliate;1
01/10/2025;Ramsay;Genderqueer;Masterclass: Digital Marketing;Coaching Program;106;3;318;Mongolia;Gumroad;Organic Search;10
11/08/2024;Aron;Male;Habit Tracker for Creators;Template;24;4;96;China;Kajabi;Email;1
03/01/2025;Emlyn;Male;Productivity Booster Pack;Coaching Program;28;1;28;Albania;Kajabi;Affiliate;2
4/29/2025;Rooney;Male;Webinar: Launch Your First Course;Template;23;5;115;Brazil;Teachable;YouTube;10
04/04/2025;Kaye;Female;Project Management Toolkit;Subscription;20;2;40;Brazil;Teachable;TikTok;8
3/14/2025;Neddy;Male;Ultimate Planner Hub;Template;55;5;275;Argentina;Teachable;Affiliate;6
2/28/2025;Eldon;Male;Financial Tracker;Webinar;35;2;70;Indonesia;Direct;Organic Search;2
10/28/2024;Shoshanna;Female;Webinar: Launch Your First Course;E-book;25;3;75;Indonesia;Shopify;YouTube;7
11/17/2024;Mallory;Male;Masterclass: Digital Marketing;Course;44;5;220;China;Direct;Email;0
03/10/2025;Boyd;Male;Notion Second Brain;Subscription;132;4;528;Belgium;Teachable;YouTube;3
03/08/2025;Brandice;Female;Productivity Booster Pack;Webinar;21;2;42;Philippines;Teachable;Instagram;3
5/25/2025;Nicholle;Female;AI Course for Beginners;Subscription;34;4;136;Indonesia;Direct;Facebook Ads;8
10/07/2024;Marris;Female;Webinar: Launch Your First Course;Webinar;140;2;280;Nigeria;Direct;Instagram;9
07/01/2024;Tobias;Male;Habit Tracker for Creators;Coaching Program;149;4;596;Dominican Republic;Shopify;Organic Search;8
7/25/2024;Terrijo;Female;Ultimate Planner Hub;Course;113;2;226;Indonesia;Shopify;Facebook Ads;2
4/30/2025;Ulrika;Female;Financial Tracker;Webinar;76;3;228;China;Shopify;TikTok;5
2/27/2025;Thea;Female;Notion Second Brain;Webinar;103;3;309;Finland;Direct;YouTube;7
8/31/2024;Grannie;Genderfluid;AI Course for Beginners;Template;146;3;438;Chad;Gumroad;Instagram;9
9/26/2024;Gerrard;Male;Ultimate Planner Hub;Template;123;3;369;China;ClickFunnels;YouTube;8
11/16/2024;Marietta;Male;Ultimate Planner Hub;Subscription;145;1;145;Russia;Kajabi;Paid Ads;8
10/09/2024;Meade;Male;Content Calendar Pro;Coaching Program;123;3;369;Philippines;Gumroad;Affiliate;8
12/20/2024;Leshia;Agender;Habit Tracker for Creators;Subscription;35;1;35;Brazil;Shopify;Email;6
05/02/2025;Fianna;Female;Project Management Toolkit;Coaching Program;56;1;56;Ghana;Gumroad;Instagram;8
01/10/2025;Brodie;Male;Productivity Booster Pack;Template;134;1;134;South Africa;Kajabi;Paid Ads;3
11/04/2024;Fabiano;Male;AI Course for Beginners;Webinar;135;1;135;Vietnam;Teachable;Email;10
5/24/2025;Orella;Female;Financial Tracker;Subscription;52;2;104;Norway;Direct;Paid Ads;6
5/31/2025;Etty;Female;Webinar: Launch Your First Course;Subscription;114;2;228;Japan;Kajabi;TikTok;4
05/12/2025;Liv;Female;Content Calendar Pro;Coaching Program;103;1;103;Philippines;Gumroad;Organic Search;9
11/08/2024;Irma;Female;Financial Tracker;Template;31;4;124;Indonesia;Teachable;Facebook Ads;7
10/13/2024;Phillis;Female;Habit Tracker for Creators;Coaching Program;43;4;172;United States;Kajabi;Organic Search;1
8/31/2024;Carroll;Female;Content Calendar Pro;Webinar;104;5;520;Georgia;Kajabi;TikTok;3
11/07/2024;Lilia;Female;Productivity Booster Pack;Webinar;75;1;75;Indonesia;ClickFunnels;TikTok;8
10/01/2024;Duff;Male;Notion Second Brain;E-book;65;4;260;Argentina;Direct;Paid Ads;5
11/19/2024;Dacy;Female;Habit Tracker for Creators;Coaching Program;88;1;88;Indonesia;Direct;Instagram;4
01/11/2025;Rodge;Male;Habit Tracker for Creators;E-book;95;4;380;Estonia;Kajabi;Paid Ads;1
1/28/2025;Umberto;Male;Webinar: Launch Your First Course;Webinar;29;1;29;Indonesia;Shopify;YouTube;4
03/04/2025;Ibby;Female;Ultimate Planner Hub;Webinar;142;3;426;China;Shopify;Instagram;3
04/08/2025;Selma;Genderqueer;Project Management Toolkit;Webinar;134;5;670;France;ClickFunnels;Organic Search;2
03/02/2025;Thatcher;Male;Project Management Toolkit;Webinar;128;1;128;Honduras;Kajabi;TikTok;6
01/12/2025;Justen;Male;Masterclass: Digital Marketing;Subscription;65;2;130;Democratic Republic of the Congo;Direct;Email;3
5/19/2025;Shirleen;Female;AI Course for Beginners;Subscription;106;4;424;Greece;Teachable;Organic Search;3
8/17/2024;Wynn;Male;Notion Second Brain;Webinar;25;2;50;Afghanistan;ClickFunnels;Facebook Ads;5
5/21/2025;Meg;Female;Content Calendar Pro;Subscription;125;1;125;Honduras;Gumroad;TikTok;3
8/22/2024;Sibley;Female;Content Calendar Pro;Course;117;5;585;Greece;Shopify;Facebook Ads;0
8/27/2024;Sheila;Female;Project Management Toolkit;Course;127;1;127;Thailand;Direct;Paid Ads;6
10/20/2024;Ermin;Male;Productivity Booster Pack;Webinar;20;1;20;France;Gumroad;Email;10
05/12/2025;Theobald;Male;Financial Tracker;E-book;108;2;216;Russia;Gumroad;Affiliate;7
02/09/2025;Jana;Female;Notion Second Brain;Template;66;4;264;Russia;Direct;Paid Ads;3
12/13/2024;Moise;Male;Content Calendar Pro;Coaching Program;69;5;345;Colombia;ClickFunnels;Organic Search;5
2/25/2025;Tatum;Female;Financial Tracker;Course;20;1;20;Philippines;Teachable;Organic Search;3
8/31/2024;Lexy;Female;Notion Second Brain;Coaching Program;94;5;470;Russia;Gumroad;Email;2
8/16/2024;Kaylyn;Female;Content Calendar Pro;Coaching Program;54;4;216;Philippines;ClickFunnels;YouTube;8
12/31/2024;Jamaal;Male;Ultimate Planner Hub;Webinar;83;5;415;Honduras;ClickFunnels;Paid Ads;3
10/22/2024;Tarra;Female;Habit Tracker for Creators;Webinar;84;5;420;Japan;Shopify;TikTok;8
12/05/2024;Iggy;Male;Content Calendar Pro;E-book;94;2;188;Armenia;Direct;Paid Ads;6
11/13/2024;Vale;Polygender;Habit Tracker for Creators;Webinar;120;4;480;Brazil;ClickFunnels;Email;9
09/12/2024;Issie;Female;Habit Tracker for Creators;Webinar;146;4;584;Argentina;Direct;Organic Search;6
4/29/2025;Francois;Male;Ultimate Planner Hub;Template;63;5;315;Mongolia;Direct;Affiliate;0
10/10/2024;Peri;Female;Project Management Toolkit;E-book;55;2;110;Nigeria;Gumroad;Email;4
11/18/2024;Shoshanna;Genderqueer;Content Calendar Pro;Subscription;26;4;104;China;ClickFunnels;Affiliate;7
10/03/2024;Elnora;Female;AI Course for Beginners;Template;110;3;330;Philippines;Direct;Instagram;7
07/12/2024;Vina;Female;Masterclass: Digital Marketing;E-book;87;4;348;Tunisia;Shopify;TikTok;8
4/26/2025;Urbanus;Male;Webinar: Launch Your First Course;E-book;81;4;324;Indonesia;Teachable;Email;6
10/02/2024;Hugibert;Male;Webinar: Launch Your First Course;Subscription;87;1;87;Philippines;Direct;Email;5
10/24/2024;Cash;Male;Webinar: Launch Your First Course;Course;104;1;104;Ecuador;Teachable;Facebook Ads;2
8/27/2024;Elspeth;Female;Financial Tracker;Course;146;2;292;Armenia;Shopify;Facebook Ads;1
2/16/2025;Carlynn;Female;Habit Tracker for Creators;E-book;94;1;94;Philippines;Shopify;Affiliate;6
06/01/2025;Yoshiko;Female;AI Course for Beginners;Webinar;119;1;119;Brazil;Shopify;Instagram;1
03/04/2025;North;Male;Content Calendar Pro;Webinar;106;4;424;Thailand;Gumroad;Paid Ads;1
01/08/2025;Cull;Genderfluid;Productivity Booster Pack;Webinar;67;3;201;China;Direct;YouTube;4
4/18/2025;Elenore;Female;Notion Second Brain;Subscription;67;2;134;Indonesia;Teachable;YouTube;2
11/01/2024;Keith;Male;Webinar: Launch Your First Course;E-book;62;4;248;China;Gumroad;Affiliate;6
2/21/2025;Ddene;Female;Notion Second Brain;Webinar;122;4;488;Poland;Direct;Instagram;4
11/05/2024;Dwayne;Genderfluid;AI Course for Beginners;Webinar;122;2;244;Philippines;Shopify;Instagram;10
4/14/2025;Ethel;Polygender;Productivity Booster Pack;Webinar;129;1;129;Poland;ClickFunnels;Instagram;6
07/09/2024;Maurine;Non-binary;Masterclass: Digital Marketing;Coaching Program;131;1;131;Venezuela;Gumroad;Email;10
11/17/2024;Harcourt;Male;Masterclass: Digital Marketing;Coaching Program;45;3;135;China;Kajabi;Organic Search;0
06/01/2025;Valry;Female;Ultimate Planner Hub;Subscription;44;3;132;Peru;Gumroad;Paid Ads;7
03/08/2025;Deana;Female;Masterclass: Digital Marketing;Subscription;36;5;180;Russia;ClickFunnels;Paid Ads;0
01/03/2025;Rodger;Male;Notion Second Brain;E-book;41;3;123;South Korea;Kajabi;Email;3
9/13/2024;Wolfgang;Male;Ultimate Planner Hub;E-book;139;4;556;Russia;Teachable;Affiliate;3
04/01/2025;Cassaundra;Female;Project Management Toolkit;Template;116;3;348;Brazil;Kajabi;TikTok;4
09/07/2024;Janie;Non-binary;Financial Tracker;Course;145;4;580;Philippines;Shopify;Email;4
03/11/2025;Trumann;Genderfluid;Financial Tracker;E-book;102;4;408;Indonesia;Gumroad;TikTok;8
1/14/2025;Esdras;Male;AI Course for Beginners;Course;63;1;63;Indonesia;Gumroad;Email;4
03/02/2025;Fawnia;Female;Ultimate Planner Hub;Coaching Program;137;2;274;Indonesia;Shopify;Instagram;8
2/26/2025;Sher;Female;Ultimate Planner Hub;Template;135;5;675;Albania;Direct;Facebook Ads;8
05/12/2025;Dyna;Female;Productivity Booster Pack;Course;24;3;72;Philippines;ClickFunnels;Paid Ads;1
02/08/2025;Bondon;Male;Habit Tracker for Creators;Subscription;118;1;118;China;ClickFunnels;Facebook Ads;4
10/17/2024;Therine;Female;Project Management Toolkit;E-book;52;1;52;Costa Rica;Teachable;Instagram;3
5/19/2025;Crystie;Female;Financial Tracker;Template;32;5;160;Panama;Kajabi;Affiliate;8
05/03/2025;Greggory;Bigender;Productivity Booster Pack;Course;73;4;292;Japan;Kajabi;Affiliate;2
12/03/2024;Leonidas;Male;Habit Tracker for Creators;Template;109;4;436;Netherlands;ClickFunnels;Email;6
11/23/2024;Lorine;Female;AI Course for Beginners;Template;43;4;172;Peru;Direct;Instagram;9
6/23/2025;Mair;Female;Ultimate Planner Hub;Subscription;32;5;160;China;Teachable;Facebook Ads;5
5/15/2025;Elwyn;Male;Notion Second Brain;Course;41;5;205;Philippines;Direct;TikTok;0
2/28/2025;Husain;Male;Webinar: Launch Your First Course;Subscription;81;1;81;Colombia;Gumroad;Facebook Ads;5
1/18/2025;Tobe;Female;Notion Second Brain;Course;38;3;114;Indonesia;Shopify;Organic Search;9
3/29/2025;Jay;Male;Financial Tracker;Template;24;1;24;Philippines;Kajabi;Instagram;7
9/18/2024;Briny;Female;Ultimate Planner Hub;Course;43;5;215;Pakistan;Teachable;Organic Search;1
11/30/2024;Holly-anne;Female;Masterclass: Digital Marketing;Course;40;1;40;France;Shopify;Paid Ads;6
12/17/2024;Allistir;Male;Webinar: Launch Your First Course;Coaching Program;90;5;450;Faroe Islands;Direct;Affiliate;8
4/18/2025;Herrick;Male;Webinar: Launch Your First Course;Template;117;2;234;Indonesia;Direct;Instagram;5
12/09/2024;Purcell;Male;Content Calendar Pro;Subscription;122;2;244;Guatemala;Direct;Affiliate;4
11/09/2024;Deanne;Female;Habit Tracker for Creators;Webinar;136;5;680;Finland;Direct;Affiliate;9
1/30/2025;Cacilie;Female;Notion Second Brain;Subscription;97;1;97;Sweden;Gumroad;TikTok;5
05/06/2025;Welby;Male;Content Calendar Pro;Coaching Program;77;3;231;China;Gumroad;Organic Search;7
2/13/2025;Lorry;Male;Ultimate Planner Hub;Subscription;56;2;112;Afghanistan;ClickFunnels;Affiliate;8
02/08/2025;Prissie;Female;Webinar: Launch Your First Course;Course;119;5;595;Kyrgyzstan;Shopify;Facebook Ads;4
12/08/2024;Lionel;Male;Habit Tracker for Creators;Course;101;4;404;Poland;Teachable;YouTube;7
7/21/2024;Gunner;Polygender;Project Management Toolkit;E-book;116;1;116;Benin;Shopify;Paid Ads;7
02/02/2025;Kary;Female;Financial Tracker;Subscription;49;5;245;Serbia;ClickFunnels;Email;3
11/17/2024;Izaak;Male;Productivity Booster Pack;Template;70;2;140;United States;Direct;Paid Ads;4
09/08/2024;Bevon;Male;Notion Second Brain;Template;47;2;94;Albania;Shopify;Organic Search;6
06/05/2025;Ashely;Female;AI Course for Beginners;E-book;54;4;216;China;ClickFunnels;Affiliate;0
1/26/2025;Joycelin;Female;Productivity Booster Pack;Webinar;143;4;572;Russia;ClickFunnels;Facebook Ads;10
09/01/2024;Jabez;Male;Content Calendar Pro;E-book;94;2;188;China;Direct;TikTok;5
09/10/2024;Daniella;Female;AI Course for Beginners;Course;138;5;690;Azerbaijan;Shopify;TikTok;7
4/27/2025;Bengt;Male;Habit Tracker for Creators;E-book;104;4;416;Chile;ClickFunnels;Affiliate;8
11/30/2024;Graig;Male;Ultimate Planner Hub;Coaching Program;148;1;148;Kenya;Kajabi;Affiliate;7
08/06/2024;Donia;Female;Notion Second Brain;Coaching Program;135;2;270;Indonesia;Shopify;TikTok;6
11/27/2024;Winston;Genderfluid;Financial Tracker;E-book;84;5;420;Indonesia;Direct;Instagram;7
12/29/2024;Nobe;Male;Notion Second Brain;Course;27;5;135;Japan;Teachable;Instagram;3
09/11/2024;Allen;Male;Ultimate Planner Hub;E-book;57;5;285;China;Kajabi;Instagram;9
5/19/2025;Constancia;Female;Notion Second Brain;E-book;47;4;188;Armenia;Direct;Facebook Ads;9
7/26/2024;Emery;Male;Financial Tracker;Webinar;45;4;180;Venezuela;Teachable;Paid Ads;1
2/14/2025;Elie;Female;Productivity Booster Pack;Coaching Program;127;4;508;China;ClickFunnels;Affiliate;4
10/22/2024;Freda;Female;Project Management Toolkit;Course;145;5;725;China;ClickFunnels;TikTok;9
01/08/2025;Jackquelin;Female;AI Course for Beginners;Subscription;38;2;76;Poland;Shopify;Organic Search;10
12/14/2024;Cyrus;Male;Financial Tracker;Course;104;1;104;Russia;Direct;YouTube;10
07/07/2024;Veronique;Female;Financial Tracker;E-book;82;3;246;Portugal;Teachable;YouTube;7
7/23/2024;Joey;Male;Project Management Toolkit;Coaching Program;34;3;102;Indonesia;Shopify;Affiliate;4
01/11/2025;Margarethe;Female;Masterclass: Digital Marketing;Course;50;5;250;Indonesia;ClickFunnels;Organic Search;0
4/16/2025;Corty;Male;Content Calendar Pro;Subscription;77;5;385;United States;Direct;Paid Ads;6
01/08/2025;Alikee;Non-binary;Project Management Toolkit;Webinar;47;5;235;Vanuatu;ClickFunnels;Facebook Ads;8
08/07/2024;Indira;Female;Project Management Toolkit;Subscription;52;1;52;Indonesia;Kajabi;Instagram;0
1/31/2025;Herminia;Female;Masterclass: Digital Marketing;Course;132;2;264;Philippines;Teachable;Email;8
04/11/2025;Lind;Male;Financial Tracker;Subscription;28;5;140;Zimbabwe;Shopify;Affiliate;9
9/13/2024;Sherwood;Male;Webinar: Launch Your First Course;Webinar;148;5;740;Bahrain;Direct;Instagram;0
08/05/2024;Inglis;Male;Content Calendar Pro;Course;24;1;24;United States;Kajabi;Email;0
12/31/2024;Ingaberg;Female;AI Course for Beginners;Subscription;36;3;108;Bolivia;Kajabi;Affiliate;4
11/05/2024;Myrna;Female;Ultimate Planner Hub;E-book;77;2;154;Philippines;Teachable;YouTube;9
7/20/2024;Wilie;Female;Productivity Booster Pack;Coaching Program;141;3;423;Malaysia;Teachable;TikTok;3
11/17/2024;Joey;Non-binary;Content Calendar Pro;E-book;76;3;228;China;Gumroad;Facebook Ads;9
6/28/2024;Tobias;Male;AI Course for Beginners;Webinar;146;3;438;China;Kajabi;Paid Ads;6
11/04/2024;Brion;Male;Webinar: Launch Your First Course;Subscription;65;1;65;Panama;Direct;Paid Ads;2
9/26/2024;Valentino;Male;Ultimate Planner Hub;Template;135;2;270;Ukraine;Direct;Facebook Ads;5
8/31/2024;Kenon;Male;Masterclass: Digital Marketing;E-book;35;3;105;Azerbaijan;Shopify;YouTube;8
8/19/2024;Horton;Genderfluid;Content Calendar Pro;Webinar;103;1;103;Tanzania;Direct;Paid Ads;6
05/03/2025;Cyndie;Female;Financial Tracker;Template;24;1;24;United States;ClickFunnels;Affiliate;2
9/29/2024;Ayn;Female;Webinar: Launch Your First Course;Subscription;59;2;118;Brazil;Kajabi;Organic Search;4
4/30/2025;Wynn;Female;AI Course for Beginners;Webinar;92;2;184;China;Kajabi;Organic Search;6
6/18/2025;Rae;Female;Project Management Toolkit;Template;140;2;280;Japan;Direct;Email;8
03/08/2025;Konstance;Female;Financial Tracker;Course;59;2;118;China;Shopify;TikTok;8
5/17/2025;Marthe;Female;Ultimate Planner Hub;Subscription;102;3;306;China;Direct;TikTok;3
12/21/2024;Troy;Male;AI Course for Beginners;Webinar;68;3;204;China;Gumroad;Facebook Ads;5
09/05/2024;Suzanne;Female;Financial Tracker;Course;115;4;460;China;Shopify;Instagram;9
1/17/2025;Thorndike;Bigender;Productivity Booster Pack;Coaching Program;33;5;165;Philippines;Direct;Paid Ads;3
10/24/2024;Ulrich;Male;Masterclass: Digital Marketing;Subscription;78;1;78;Russia;ClickFunnels;Email;0
1/24/2025;Rutter;Male;AI Course for Beginners;Course;101;1;101;Colombia;Kajabi;Affiliate;1
11/25/2024;Phillipp;Male;Financial Tracker;Subscription;129;3;387;Japan;Direct;Organic Search;3
1/18/2025;Alain;Male;Financial Tracker;Course;54;5;270;Portugal;ClickFunnels;Email;9
06/04/2025;Addy;Female;Ultimate Planner Hub;E-book;20;2;40;Malaysia;Gumroad;Facebook Ads;3
11/30/2024;Riva;Female;Ultimate Planner Hub;Subscription;131;2;262;Indonesia;Teachable;Affiliate;4
4/20/2025;Raf;Female;Masterclass: Digital Marketing;E-book;19;4;76;Philippines;Direct;Facebook Ads;4
10/05/2024;Kit;Male;Ultimate Planner Hub;E-book;142;5;710;Ethiopia;Gumroad;TikTok;0
5/26/2025;Joeann;Female;Masterclass: Digital Marketing;Coaching Program;22;5;110;United Kingdom;Teachable;Instagram;10
9/22/2024;Bartel;Male;Productivity Booster Pack;Coaching Program;66;2;132;Chile;Teachable;Email;2
8/30/2024;Sapphire;Female;AI Course for Beginners;Coaching Program;40;5;200;Democratic Republic of the Congo;Gumroad;Affiliate;6
7/24/2024;Noni;Female;AI Course for Beginners;Webinar;125;4;500;Guatemala;ClickFunnels;Paid Ads;3
06/09/2025;Evaleen;Female;Content Calendar Pro;Webinar;76;5;380;Poland;Shopify;Organic Search;2
5/20/2025;Elisabet;Female;Project Management Toolkit;Subscription;81;5;405;Czech Republic;ClickFunnels;Facebook Ads;6
05/04/2025;Nessa;Female;Notion Second Brain;Course;45;4;180;Belarus;Direct;Email;2
03/01/2025;Dominique;Male;Ultimate Planner Hub;Coaching Program;114;2;228;Peru;Gumroad;Facebook Ads;1
1/27/2025;Thurstan;Genderqueer;Masterclass: Digital Marketing;E-book;73;1;73;Poland;Teachable;Affiliate;8
01/01/2025;Johannes;Male;Masterclass: Digital Marketing;Subscription;115;3;345;Egypt;Teachable;Facebook Ads;1
03/09/2025;Bess;Female;Productivity Booster Pack;E-book;49;5;245;Botswana;Direct;Affiliate;7
02/09/2025;Zebulen;Male;Productivity Booster Pack;Subscription;97;5;485;Czech Republic;Teachable;Facebook Ads;4
07/11/2024;Riane;Female;Webinar: Launch Your First Course;Subscription;106;1;106;China;Kajabi;Facebook Ads;3
11/21/2024;Tanitansy;Female;Financial Tracker;Subscription;76;4;304;Sweden;Gumroad;Affiliate;10
03/05/2025;Grady;Non-binary;Financial Tracker;Template;65;4;260;Indonesia;Gumroad;Email;0
10/19/2024;Kalil;Male;Habit Tracker for Creators;Subscription;91;4;364;Iran;Gumroad;YouTube;10
7/14/2024;Yurik;Male;Webinar: Launch Your First Course;Webinar;123;2;246;Russia;Kajabi;YouTube;10
01/07/2025;Torrence;Male;Habit Tracker for Creators;Course;26;4;104;Russia;Shopify;Instagram;9
9/15/2024;Donelle;Genderqueer;AI Course for Beginners;Coaching Program;112;4;448;Japan;Kajabi;YouTube;4
6/25/2024;Melva;Female;AI Course for Beginners;Coaching Program;86;1;86;Bangladesh;Shopify;Paid Ads;9
10/10/2024;Pascal;Male;Notion Second Brain;Template;24;5;120;Russia;Kajabi;Facebook Ads;7
9/19/2024;Amby;Male;Habit Tracker for Creators;Coaching Program;118;4;472;Japan;Teachable;Instagram;3
08/11/2024;Felike;Male;Content Calendar Pro;Webinar;95;3;285;France;Teachable;Email;5
9/21/2024;Cory;Male;AI Course for Beginners;Coaching Program;102;2;204;Indonesia;Direct;Organic Search;5
12/06/2024;Gordon;Male;Content Calendar Pro;Template;138;2;276;Cameroon;Direct;YouTube;10
06/08/2025;Trix;Female;Ultimate Planner Hub;Subscription;53;2;106;Philippines;Shopify;Affiliate;7
05/10/2025;Rachele;Female;Content Calendar Pro;Coaching Program;23;2;46;Hong Kong;Shopify;TikTok;9
06/12/2025;Iggie;Male;Ultimate Planner Hub;Webinar;114;3;342;Indonesia;Direct;Instagram;7
12/06/2024;Murray;Male;Productivity Booster Pack;Course;44;2;88;Thailand;Kajabi;Organic Search;9
12/03/2024;Bonnie;Female;Project Management Toolkit;Webinar;135;1;135;China;Shopify;Instagram;8
05/02/2025;Cristian;Male;Webinar: Launch Your First Course;Course;108;5;540;Greece;Shopify;TikTok;7
8/18/2024;Allegra;Female;Masterclass: Digital Marketing;Course;139;3;417;Azerbaijan;Shopify;Facebook Ads;6
3/25/2025;Hillier;Male;Masterclass: Digital Marketing;Template;53;5;265;Indonesia;Gumroad;Email;1
04/10/2025;Noemi;Female;Ultimate Planner Hub;Template;52;5;260;Bangladesh;Teachable;Facebook Ads;5
9/20/2024;Clyve;Male;Project Management Toolkit;Template;100;1;100;Colombia;Direct;Facebook Ads;6
4/15/2025;Ramon;Male;Ultimate Planner Hub;Coaching Program;148;5;740;Argentina;Direct;Organic Search;3
03/12/2025;Chandra;Female;AI Course for Beginners;Subscription;54;5;270;Poland;ClickFunnels;Email;2
7/22/2024;Alf;Male;Masterclass: Digital Marketing;Coaching Program;92;3;276;Albania;Teachable;YouTube;1
07/09/2024;Adan;Male;Webinar: Launch Your First Course;Template;87;3;261;Portugal;ClickFunnels;Facebook Ads;0
1/27/2025;Adey;Female;Webinar: Launch Your First Course;Coaching Program;43;3;129;Portugal;Kajabi;Affiliate;9
8/26/2024;Richard;Genderqueer;Notion Second Brain;Coaching Program;55;3;165;China;ClickFunnels;Paid Ads;4
9/18/2024;Fraser;Male;AI Course for Beginners;Webinar;130;4;520;Israel;Direct;Paid Ads;2
01/10/2025;Chris;Male;Masterclass: Digital Marketing;Subscription;50;2;100;Pakistan;ClickFunnels;Instagram;3
06/11/2025;Trefor;Genderqueer;Notion Second Brain;Webinar;137;2;274;Poland;ClickFunnels;Instagram;7
12/14/2024;Burke;Male;Project Management Toolkit;E-book;95;5;475;Hong Kong;Shopify;Paid Ads;3
12/06/2024;Becka;Female;Productivity Booster Pack;Subscription;100;3;300;China;Shopify;Affiliate;9
12/10/2024;Dasie;Female;Notion Second Brain;E-book;131;2;262;Philippines;ClickFunnels;TikTok;9
12/14/2024;Gan;Genderqueer;Notion Second Brain;Webinar;80;4;320;Portugal;Teachable;TikTok;9
6/20/2025;Chickie;Male;Content Calendar Pro;Course;66;4;264;Venezuela;Teachable;YouTube;5
4/20/2025;Trumaine;Male;Webinar: Launch Your First Course;Webinar;37;3;111;Mexico;ClickFunnels;YouTube;6
08/06/2024;Rea;Female;Notion Second Brain;Webinar;61;3;183;Vietnam;ClickFunnels;Instagram;0
7/22/2024;Theo;Male;Productivity Booster Pack;Template;66;1;66;Serbia;Shopify;Email;6
09/04/2024;Hertha;Female;Habit Tracker for Creators;E-book;89;3;267;China;Shopify;Organic Search;2
11/24/2024;Grady;Male;AI Course for Beginners;Webinar;111;4;444;Russia;Gumroad;Organic Search;0
09/02/2024;Del;Bigender;Project Management Toolkit;Coaching Program;126;3;378;China;ClickFunnels;Facebook Ads;10
12/12/2024;Odessa;Female;Masterclass: Digital Marketing;Webinar;114;3;342;Chile;ClickFunnels;Email;2
11/14/2024;Myrna;Female;AI Course for Beginners;Coaching Program;94;1;94;Philippines;Kajabi;Affiliate;3
08/04/2024;Neila;Female;Financial Tracker;E-book;60;5;300;Croatia;Shopify;Affiliate;7
09/11/2024;Kamila;Female;AI Course for Beginners;Coaching Program;81;1;81;Indonesia;Gumroad;Organic Search;1
05/08/2025;Twila;Female;Project Management Toolkit;Coaching Program;109;2;218;Yemen;Shopify;TikTok;7
02/03/2025;Ondrea;Female;Project Management Toolkit;Course;87;5;435;Portugal;Teachable;YouTube;1
7/29/2024;Flin;Male;Financial Tracker;Subscription;136;2;272;Indonesia;Teachable;TikTok;1
2/21/2025;Page;Male;Ultimate Planner Hub;Webinar;76;5;380;Sweden;Direct;Email;7
1/24/2025;Ludovico;Male;Masterclass: Digital Marketing;Coaching Program;44;1;44;Vietnam;Gumroad;Affiliate;0
06/08/2025;Anica;Female;Productivity Booster Pack;Subscription;100;1;100;Philippines;Direct;Facebook Ads;9
1/27/2025;Hobie;Male;Notion Second Brain;Template;138;5;690;China;Gumroad;Organic Search;0
04/07/2025;Horacio;Male;Masterclass: Digital Marketing;Subscription;52;5;260;Iran;Gumroad;Organic Search;6
6/28/2024;Jeanna;Female;AI Course for Beginners;Template;105;4;420;China;Teachable;Affiliate;7
3/14/2025;Rafferty;Male;AI Course for Beginners;Course;31;3;93;Kenya;Direct;Facebook Ads;6
8/18/2024;Izzy;Male;Masterclass: Digital Marketing;E-book;36;4;144;Central African Republic;Kajabi;YouTube;6
8/22/2024;Erv;Polygender;Project Management Toolkit;Coaching Program;141;1;141;Indonesia;Gumroad;Facebook Ads;7
11/21/2024;Edmund;Male;Masterclass: Digital Marketing;Course;20;3;60;Indonesia;Teachable;Instagram;4
12/22/2024;Ines;Female;Notion Second Brain;Webinar;40;1;40;China;Gumroad;TikTok;5
5/25/2025;Idaline;Genderfluid;Productivity Booster Pack;Coaching Program;75;4;300;Indonesia;ClickFunnels;Organic Search;5
11/02/2024;Abraham;Male;Financial Tracker;Subscription;142;4;568;Chile;Shopify;Email;5
9/24/2024;Minnaminnie;Female;Habit Tracker for Creators;E-book;20;1;20;Indonesia;Gumroad;TikTok;1
11/22/2024;Jule;Male;Productivity Booster Pack;Coaching Program;78;1;78;Poland;Teachable;YouTube;3
08/01/2024;Gordy;Male;Masterclass: Digital Marketing;Subscription;34;4;136;Colombia;Kajabi;Email;1
06/09/2025;Jo;Bigender;Webinar: Launch Your First Course;E-book;128;4;512;China;Shopify;YouTube;1
04/07/2025;Alanah;Female;Webinar: Launch Your First Course;Course;56;5;280;China;Shopify;Facebook Ads;6
2/28/2025;Flin;Male;Notion Second Brain;Template;62;5;310;Philippines;Shopify;Paid Ads;5
12/06/2024;Ashlin;Non-binary;Financial Tracker;Subscription;41;3;123;Nicaragua;Shopify;Affiliate;2
6/14/2025;Brianne;Female;Content Calendar Pro;Subscription;65;1;65;British Virgin Islands;Kajabi;TikTok;9
8/31/2024;Rourke;Male;Financial Tracker;Course;86;5;430;Poland;Teachable;Organic Search;10
10/09/2024;Clarance;Male;Masterclass: Digital Marketing;Coaching Program;35;4;140;Poland;Shopify;Email;4
1/31/2025;Jacky;Bigender;Habit Tracker for Creators;Subscription;147;3;441;Indonesia;Gumroad;Instagram;9
6/14/2025;Staci;Female;AI Course for Beginners;E-book;134;4;536;Russia;Kajabi;Facebook Ads;7
2/25/2025;Mayer;Male;AI Course for Beginners;Template;67;1;67;Mexico;Kajabi;Facebook Ads;7
5/15/2025;Carlita;Female;Productivity Booster Pack;Template;19;5;95;China;Shopify;Facebook Ads;9
2/16/2025;Mercy;Female;Content Calendar Pro;Webinar;140;4;560;Portugal;Teachable;Organic Search;7
05/03/2025;Mable;Female;Content Calendar Pro;Subscription;53;5;265;Poland;Shopify;Paid Ads;1
12/25/2024;Raquela;Female;Project Management Toolkit;Template;20;5;100;France;Shopify;Affiliate;1
9/16/2024;Trescha;Non-binary;Financial Tracker;Coaching Program;73;4;292;Canada;ClickFunnels;TikTok;0
08/08/2024;Crysta;Female;Content Calendar Pro;E-book;82;3;246;Iran;Kajabi;TikTok;10
2/24/2025;Elliot;Male;Habit Tracker for Creators;Coaching Program;65;3;195;Indonesia;ClickFunnels;TikTok;4
03/07/2025;Cleopatra;Female;Masterclass: Digital Marketing;E-book;132;2;264;Colombia;ClickFunnels;Email;4
10/14/2024;Augie;Male;Productivity Booster Pack;Course;95;2;190;Mexico;Teachable;Email;4
7/17/2024;Britt;Male;AI Course for Beginners;Coaching Program;106;3;318;Indonesia;Teachable;Organic Search;6
09/10/2024;Orren;Male;AI Course for Beginners;E-book;46;5;230;Palestinian Territory;Teachable;Affiliate;0
9/29/2024;Calida;Female;Notion Second Brain;Subscription;148;1;148;Ukraine;Teachable;Paid Ads;2
1/24/2025;Llywellyn;Male;Content Calendar Pro;E-book;101;3;303;Peru;Gumroad;Email;2
01/11/2025;Duncan;Non-binary;Content Calendar Pro;Webinar;72;1;72;China;Kajabi;Email;10
9/28/2024;Morten;Male;Notion Second Brain;E-book;62;3;186;United States;ClickFunnels;Organic Search;9
5/24/2025;Sandi;Genderqueer;Ultimate Planner Hub;Subscription;77;5;385;China;Direct;Paid Ads;8
08/06/2024;Meredith;Male;Webinar: Launch Your First Course;Course;56;2;112;Indonesia;Kajabi;TikTok;0
06/09/2025;Matilda;Female;Ultimate Planner Hub;Course;31;5;155;China;ClickFunnels;TikTok;4
5/22/2025;Dolorita;Female;Productivity Booster Pack;Subscription;32;2;64;Argentina;Gumroad;YouTube;7
2/21/2025;Nani;Female;Productivity Booster Pack;Subscription;31;5;155;Russia;Direct;Organic Search;4
08/01/2024;Alric;Male;Notion Second Brain;E-book;33;4;132;Argentina;ClickFunnels;Organic Search;9
5/25/2025;Carmela;Female;AI Course for Beginners;Template;140;3;420;China;Shopify;Affiliate;6
1/22/2025;Addy;Male;Ultimate Planner Hub;Subscription;113;2;226;Yemen;Direct;Email;10
07/03/2024;Lana;Female;Habit Tracker for Creators;Template;108;2;216;Russia;ClickFunnels;TikTok;7
1/28/2025;Esteban;Male;Habit Tracker for Creators;Template;51;4;204;Croatia;Direct;Organic Search;4
09/02/2024;Huntington;Male;Ultimate Planner Hub;Webinar;73;2;146;Ukraine;Gumroad;Facebook Ads;8
11/08/2024;Toiboid;Genderqueer;Masterclass: Digital Marketing;Webinar;109;4;436;Indonesia;Teachable;Organic Search;9
05/12/2025;Lurlene;Female;Content Calendar Pro;Coaching Program;59;5;295;Russia;Gumroad;Paid Ads;9
6/24/2025;Christine;Female;Notion Second Brain;Coaching Program;102;1;102;China;Direct;TikTok;7
01/07/2025;Nollie;Male;AI Course for Beginners;Template;120;5;600;Thailand;Kajabi;Affiliate;3
9/26/2024;Filmer;Male;Habit Tracker for Creators;Course;131;2;262;Colombia;Gumroad;TikTok;3
06/03/2025;Nicholas;Male;Productivity Booster Pack;Template;27;4;108;Portugal;Shopify;Affiliate;8
7/21/2024;Thedrick;Male;Financial Tracker;Subscription;140;3;420;Russia;Shopify;Organic Search;9
4/23/2025;Kenton;Male;Project Management Toolkit;Course;137;3;411;Indonesia;Kajabi;Email;4
06/09/2025;Saraann;Female;Ultimate Planner Hub;Subscription;108;2;216;Japan;Gumroad;Affiliate;8
08/08/2024;Gardner;Male;Productivity Booster Pack;E-book;138;2;276;Indonesia;Teachable;Facebook Ads;0
07/05/2024;Margarita;Female;Masterclass: Digital Marketing;Course;62;5;310;Russia;Teachable;Organic Search;5
12/03/2024;Laurent;Bigender;Ultimate Planner Hub;E-book;114;4;456;Greece;Kajabi;Facebook Ads;9
11/22/2024;Sharleen;Female;Notion Second Brain;Template;93;4;372;China;Teachable;Affiliate;5
10/11/2024;Fae;Female;Content Calendar Pro;Subscription;61;4;244;Spain;Shopify;Email;3
9/20/2024;Bibbie;Female;Notion Second Brain;Coaching Program;133;3;399;Costa Rica;Kajabi;Facebook Ads;7
4/23/2025;Franchot;Male;Webinar: Launch Your First Course;Course;116;4;464;Indonesia;Direct;TikTok;7
7/13/2024;Errol;Male;Notion Second Brain;E-book;75;2;150;France;Direct;YouTube;7
04/01/2025;Jess;Female;Habit Tracker for Creators;Course;138;2;276;Dominican Republic;Kajabi;Affiliate;6
02/09/2025;Tull;Male;Content Calendar Pro;Subscription;110;5;550;Chile;Teachable;TikTok;6
11/01/2024;Lutero;Male;Financial Tracker;Template;107;4;428;Iran;Shopify;YouTube;1
7/17/2024;Leandra;Female;Productivity Booster Pack;Coaching Program;138;2;276;Nigeria;ClickFunnels;Email;7
01/07/2025;Mildred;Female;Notion Second Brain;Webinar;31;3;93;Colombia;Direct;Organic Search;7
02/11/2025;Holly;Male;Notion Second Brain;E-book;64;2;128;France;Gumroad;YouTube;6
07/11/2024;Anestassia;Female;Masterclass: Digital Marketing;Subscription;53;1;53;Lebanon;Shopify;TikTok;10
06/12/2025;Lizette;Female;AI Course for Beginners;Template;113;1;113;Greece;Direct;Paid Ads;9
7/16/2024;Lorettalorna;Genderfluid;Project Management Toolkit;E-book;130;2;260;Russia;Kajabi;Facebook Ads;0
10/27/2024;Pedro;Male;Productivity Booster Pack;Subscription;102;5;510;China;Direct;Affiliate;3
01/07/2025;Shina;Female;Webinar: Launch Your First Course;Course;49;2;98;China;Gumroad;Instagram;7
04/07/2025;Cori;Male;Webinar: Launch Your First Course;Template;116;3;348;Czech Republic;Kajabi;Instagram;7
6/29/2024;Dalton;Male;Project Management Toolkit;Template;42;3;126;Indonesia;Gumroad;Organic Search;9
11/01/2024;Taryn;Female;Webinar: Launch Your First Course;Course;147;3;441;China;Kajabi;Instagram;5
1/23/2025;Hodge;Male;Habit Tracker for Creators;Subscription;110;4;440;France;Kajabi;Facebook Ads;2
09/05/2024;Antonin;Male;AI Course for Beginners;Course;23;4;92;Japan;Shopify;Affiliate;2
04/05/2025;Peter;Male;Ultimate Planner Hub;E-book;85;3;255;Poland;Direct;Paid Ads;6
8/31/2024;Holt;Male;Webinar: Launch Your First Course;Course;147;4;588;Guatemala;Kajabi;Facebook Ads;8
12/13/2024;Barbara-anne;Female;Productivity Booster Pack;E-book;90;5;450;China;Kajabi;TikTok;10
11/25/2024;Munmro;Male;Content Calendar Pro;Subscription;111;5;555;Iraq;Kajabi;Instagram;1
8/29/2024;Sherline;Female;Webinar: Launch Your First Course;E-book;54;4;216;China;Kajabi;Paid Ads;1
01/03/2025;Bearnard;Male;Content Calendar Pro;Coaching Program;92;2;184;Syria;Kajabi;Affiliate;3
4/20/2025;Cordell;Male;Habit Tracker for Creators;Coaching Program;40;4;160;Indonesia;Teachable;Email;1
08/10/2024;Jorrie;Female;Ultimate Planner Hub;Coaching Program;95;4;380;Peru;ClickFunnels;YouTube;2
7/30/2024;Launce;Male;Webinar: Launch Your First Course;Coaching Program;47;1;47;Portugal;Kajabi;TikTok;6
11/26/2024;Kerstin;Female;Webinar: Launch Your First Course;Subscription;119;2;238;Uganda;Direct;Organic Search;0
12/05/2024;Dalston;Male;Habit Tracker for Creators;Course;58;5;290;Indonesia;ClickFunnels;TikTok;2
7/19/2024;Giustina;Female;Financial Tracker;Course;76;1;76;China;Direct;TikTok;2
05/03/2025;Burk;Male;Productivity Booster Pack;E-book;78;1;78;Brazil;Kajabi;Affiliate;2
4/19/2025;Lydon;Genderfluid;Project Management Toolkit;Template;47;5;235;East Timor;Kajabi;YouTube;8
5/26/2025;Otho;Male;Project Management Toolkit;Coaching Program;42;2;84;Argentina;Shopify;Email;2
04/08/2025;Katrine;Polygender;Habit Tracker for Creators;Template;102;2;204;Indonesia;Teachable;Facebook Ads;4
05/11/2025;Natal;Male;Financial Tracker;E-book;124;3;372;Ukraine;Kajabi;Email;5
05/04/2025;Celle;Female;Financial Tracker;Course;122;5;610;Ethiopia;Teachable;TikTok;3
7/25/2024;Lydia;Female;Productivity Booster Pack;Webinar;73;2;146;Uganda;Gumroad;YouTube;9
11/17/2024;Arvin;Polygender;Productivity Booster Pack;E-book;96;2;192;China;Gumroad;Facebook Ads;5
01/04/2025;Joy;Agender;Notion Second Brain;E-book;45;2;90;China;Teachable;TikTok;1
09/06/2024;Giorgia;Female;Project Management Toolkit;Template;70;2;140;Indonesia;Kajabi;Organic Search;8
10/12/2024;Milty;Male;Habit Tracker for Creators;E-book;59;2;118;Russia;Direct;TikTok;1
01/11/2025;Claribel;Female;Project Management Toolkit;Webinar;84;4;336;Czech Republic;Kajabi;Paid Ads;10
3/31/2025;Horten;Male;Habit Tracker for Creators;Template;29;2;58;Japan;Kajabi;Affiliate;3
7/15/2024;Arliene;Female;AI Course for Beginners;Webinar;106;5;530;China;ClickFunnels;Organic Search;5
7/25/2024;Jackquelin;Female;Ultimate Planner Hub;Course;138;3;414;Japan;Direct;Paid Ads;0
4/17/2025;Hilton;Male;Financial Tracker;Webinar;21;4;84;Philippines;Kajabi;Email;5
11/06/2024;Jorey;Genderqueer;Productivity Booster Pack;Subscription;36;2;72;Panama;Teachable;Organic Search;9
1/19/2025;Johnathon;Male;Productivity Booster Pack;E-book;149;1;149;Ukraine;ClickFunnels;Instagram;2
05/10/2025;Maje;Male;Productivity Booster Pack;Subscription;143;2;286;Russia;Gumroad;TikTok;2
9/18/2024;Calla;Female;Notion Second Brain;E-book;80;1;80;Netherlands;ClickFunnels;Email;10
10/15/2024;Mari;Female;Notion Second Brain;Subscription;130;1;130;China;Direct;Instagram;9
6/21/2025;Dionisio;Genderqueer;Ultimate Planner Hub;Coaching Program;100;3;300;Russia;Shopify;Instagram;10
06/01/2025;Jobye;Genderqueer;Masterclass: Digital Marketing;Course;97;2;194;Indonesia;Direct;Organic Search;10
10/20/2024;Karlene;Female;Habit Tracker for Creators;E-book;94;2;188;United States;Teachable;Affiliate;7
3/14/2025;Jammal;Male;Notion Second Brain;E-book;45;4;180;Dominican Republic;Direct;Affiliate;3
10/01/2024;Bradford;Male;Masterclass: Digital Marketing;Webinar;45;3;135;Russia;Shopify;Facebook Ads;3
11/09/2024;Thaddus;Male;Notion Second Brain;Webinar;111;1;111;Costa Rica;Gumroad;Email;7
6/27/2024;Drusilla;Female;Notion Second Brain;Webinar;114;1;114;Russia;Kajabi;Paid Ads;5
05/12/2025;Archibold;Male;Notion Second Brain;E-book;29;1;29;China;ClickFunnels;TikTok;7
09/05/2024;Meredeth;Male;Content Calendar Pro;Template;53;4;212;Philippines;Kajabi;YouTube;10
3/20/2025;Elisha;Female;Project Management Toolkit;Course;53;3;159;China;Teachable;Organic Search;7
5/24/2025;Randene;Female;Content Calendar Pro;Webinar;145;1;145;Poland;ClickFunnels;Paid Ads;1
1/22/2025;Doralynn;Female;Ultimate Planner Hub;Webinar;110;2;220;Democratic Republic of the Congo;ClickFunnels;Email;7
05/05/2025;Eddie;Male;Financial Tracker;Template;133;4;532;Philippines;Teachable;Email;3
05/07/2025;Delila;Agender;Productivity Booster Pack;Coaching Program;91;1;91;Indonesia;Shopify;Organic Search;10
04/05/2025;Nevil;Male;Financial Tracker;Course;48;5;240;Russia;Gumroad;Facebook Ads;7
08/12/2024;Reidar;Male;AI Course for Beginners;Subscription;20;5;100;Indonesia;Direct;YouTube;7
06/12/2025;Ingaberg;Female;Content Calendar Pro;E-book;70;3;210;China;Gumroad;Paid Ads;1
11/11/2024;Dalis;Male;Notion Second Brain;Course;93;4;372;Indonesia;Shopify;Email;9
9/26/2024;Chad;Genderfluid;Habit Tracker for Creators;E-book;90;4;360;Portugal;Direct;YouTube;4
09/01/2024;Ania;Female;Productivity Booster Pack;Subscription;38;1;38;Canada;Kajabi;YouTube;3
5/25/2025;Timmi;Female;Notion Second Brain;Template;107;1;107;Russia;Teachable;Email;9
12/04/2024;Marice;Female;Content Calendar Pro;Webinar;65;3;195;Austria;ClickFunnels;YouTube;3
7/17/2024;Phineas;Male;Webinar: Launch Your First Course;E-book;96;2;192;Indonesia;Teachable;Email;8
07/09/2024;Gareth;Male;Ultimate Planner Hub;E-book;105;5;525;Argentina;Direct;YouTube;9
7/14/2024;Sergent;Male;Content Calendar Pro;Coaching Program;50;1;50;Myanmar;ClickFunnels;Paid Ads;0
11/13/2024;Karlotta;Female;Project Management Toolkit;Course;51;1;51;Portugal;Teachable;YouTube;0
5/23/2025;Reena;Female;Masterclass: Digital Marketing;Coaching Program;99;1;99;China;ClickFunnels;TikTok;2
04/07/2025;Korry;Female;Financial Tracker;Coaching Program;44;3;132;China;Kajabi;Email;3
11/19/2024;Alli;Female;Masterclass: Digital Marketing;Coaching Program;67;4;268;Morocco;Teachable;Instagram;10
8/22/2024;Jorge;Male;Ultimate Planner Hub;Subscription;144;3;432;Indonesia;Direct;YouTube;3
6/23/2025;Shawn;Female;Masterclass: Digital Marketing;Coaching Program;121;3;363;China;Direct;Paid Ads;10
6/17/2025;Anetta;Female;Notion Second Brain;Coaching Program;43;1;43;Mexico;Gumroad;Instagram;1
08/02/2024;Gilberte;Female;Content Calendar Pro;Course;79;1;79;Uganda;Shopify;Organic Search;2
3/25/2025;Wrennie;Female;Ultimate Planner Hub;E-book;140;2;280;Nigeria;ClickFunnels;Affiliate;8
05/08/2025;Carmela;Female;Webinar: Launch Your First Course;Course;148;3;444;Japan;Shopify;Affiliate;8
01/07/2025;Irwinn;Male;Financial Tracker;Course;114;1;114;Japan;Gumroad;Organic Search;4
04/05/2025;Muhammad;Genderfluid;Habit Tracker for Creators;Template;97;2;194;Indonesia;Teachable;Paid Ads;4
4/27/2025;Timmy;Male;Webinar: Launch Your First Course;Course;143;1;143;Peru;Gumroad;Affiliate;3
1/26/2025;Cordie;Female;Project Management Toolkit;E-book;94;5;470;Indonesia;Kajabi;Paid Ads;8
12/22/2024;Sherilyn;Female;Habit Tracker for Creators;Webinar;59;1;59;Russia;Gumroad;Email;7
12/05/2024;Ethan;Male;Notion Second Brain;Coaching Program;103;2;206;France;Shopify;Email;3
3/18/2025;Blondie;Female;Project Management Toolkit;Coaching Program;19;1;19;Netherlands;Gumroad;Affiliate;9
8/25/2024;Hanny;Female;Habit Tracker for Creators;Subscription;81;2;162;France;Direct;Email;1
8/15/2024;Beryl;Female;Notion Second Brain;E-book;64;3;192;Honduras;Shopify;Instagram;1
4/23/2025;Jenny;Female;AI Course for Beginners;Template;56;4;224;Czech Republic;Gumroad;Email;6
4/27/2025;Portie;Male;AI Course for Beginners;Course;110;2;220;Uzbekistan;Kajabi;Organic Search;1
10/19/2024;Candy;Female;Content Calendar Pro;Subscription;97;2;194;Estonia;Gumroad;TikTok;5
11/22/2024;Beverlie;Female;Financial Tracker;Webinar;88;5;440;China;ClickFunnels;Affiliate;0
05/01/2025;Cheri;Female;Masterclass: Digital Marketing;Template;107;3;321;Kiribati;Shopify;Facebook Ads;2
10/22/2024;Antonius;Male;Ultimate Planner Hub;E-book;108;5;540;Indonesia;Gumroad;Organic Search;4
7/22/2024;Micaela;Genderfluid;Financial Tracker;Webinar;49;2;98;Iran;ClickFunnels;Organic Search;6
12/20/2024;Raymund;Male;Content Calendar Pro;Webinar;75;2;150;China;Direct;Organic Search;8
04/04/2025;Ravid;Male;Habit Tracker for Creators;Webinar;21;1;21;China;Teachable;YouTube;6
4/30/2025;Ondrea;Female;Project Management Toolkit;Webinar;43;5;215;Russia;Direct;Facebook Ads;5
8/14/2024;Davis;Male;Productivity Booster Pack;Template;98;1;98;China;Direct;Instagram;10
12/05/2024;Zebulon;Male;Notion Second Brain;Template;113;4;452;France;ClickFunnels;Email;9
5/23/2025;Purcell;Male;Ultimate Planner Hub;Template;24;2;48;Russia;Gumroad;TikTok;1
4/13/2025;Shantee;Female;Webinar: Launch Your First Course;Coaching Program;43;1;43;Costa Rica;Teachable;TikTok;3
10/02/2024;Remus;Male;Notion Second Brain;Course;47;1;47;Japan;Teachable;Paid Ads;10
12/09/2024;Hew;Male;Masterclass: Digital Marketing;Coaching Program;121;2;242;China;Shopify;Organic Search;1
10/14/2024;Rebecka;Female;Productivity Booster Pack;Subscription;41;4;164;Brazil;Gumroad;Paid Ads;8
7/26/2024;Domingo;Genderfluid;Habit Tracker for Creators;Coaching Program;31;5;155;Afghanistan;Teachable;YouTube;4
11/23/2024;Garrott;Male;Webinar: Launch Your First Course;Template;97;1;97;Malaysia;Teachable;Instagram;10
1/15/2025;Pinchas;Male;Financial Tracker;Webinar;27;3;81;Indonesia;Direct;Instagram;2
09/12/2024;Wilhelmina;Female;Ultimate Planner Hub;Coaching Program;127;5;635;Philippines;Direct;Email;3
03/10/2025;Sandra;Female;Project Management Toolkit;Course;133;5;665;Greece;Gumroad;Facebook Ads;8
09/03/2024;Gloriane;Female;Webinar: Launch Your First Course;Template;68;3;204;Philippines;Direct;Email;1
1/26/2025;Daile;Female;AI Course for Beginners;Course;87;3;261;Germany;Gumroad;Facebook Ads;3
6/16/2025;Anthea;Female;Webinar: Launch Your First Course;E-book;86;4;344;Jordan;Direct;Organic Search;0
10/06/2024;Alard;Male;Productivity Booster Pack;Coaching Program;79;1;79;China;Kajabi;Paid Ads;0
08/10/2024;Marika;Female;Webinar: Launch Your First Course;Course;26;2;52;Venezuela;Shopify;Instagram;10
06/07/2025;Codi;Male;Content Calendar Pro;Template;40;4;160;Russia;Direct;YouTube;4
3/28/2025;Hermione;Female;Project Management Toolkit;Template;133;2;266;China;Direct;Organic Search;10
6/30/2024;Nerissa;Female;Financial Tracker;Template;65;3;195;China;ClickFunnels;Instagram;2
9/23/2024;Eilis;Female;Notion Second Brain;Course;98;5;490;China;ClickFunnels;Paid Ads;3
7/14/2024;Dennie;Male;Webinar: Launch Your First Course;E-book;110;3;330;Japan;Kajabi;YouTube;7
03/02/2025;Hyacinth;Female;Content Calendar Pro;Template;41;2;82;Indonesia;ClickFunnels;Email;3
1/26/2025;Zachery;Male;Financial Tracker;Course;41;4;164;China;Kajabi;Instagram;10
07/02/2024;Ilene;Female;AI Course for Beginners;Course;121;1;121;Serbia;Gumroad;Instagram;5
6/17/2025;Clarabelle;Female;Project Management Toolkit;Webinar;126;1;126;China;Direct;TikTok;6
08/04/2024;Sidonnie;Female;Habit Tracker for Creators;Subscription;131;5;655;Japan;Shopify;Paid Ads;4
04/05/2025;Corny;Male;Masterclass: Digital Marketing;Subscription;47;4;188;Brazil;Teachable;Instagram;4
03/03/2025;Jo ann;Female;Webinar: Launch Your First Course;Subscription;31;4;124;Russia;Gumroad;Paid Ads;9
3/23/2025;Ninetta;Female;Habit Tracker for Creators;Template;73;4;292;Czech Republic;Kajabi;Email;1
03/04/2025;Robinetta;Female;Webinar: Launch Your First Course;Webinar;73;2;146;Sweden;Gumroad;Affiliate;10
1/15/2025;Mario;Male;Habit Tracker for Creators;Template;141;1;141;Indonesia;Gumroad;Affiliate;0
7/18/2024;Elvyn;Male;AI Course for Beginners;Webinar;145;2;290;Indonesia;Gumroad;Email;3
2/25/2025;Marice;Female;Financial Tracker;Template;49;3;147;China;Teachable;YouTube;8
11/28/2024;Malynda;Female;Financial Tracker;Course;52;2;104;Indonesia;Gumroad;YouTube;9
1/27/2025;Wainwright;Male;Habit Tracker for Creators;Course;125;2;250;China;Gumroad;TikTok;8
11/21/2024;Hyacinthie;Female;Financial Tracker;Course;47;1;47;Philippines;ClickFunnels;Paid Ads;10
12/30/2024;Lusa;Female;Masterclass: Digital Marketing;Webinar;93;5;465;Russia;Direct;TikTok;10
01/07/2025;Skyler;Male;AI Course for Beginners;Webinar;34;1;34;China;Shopify;Instagram;10
8/28/2024;Fianna;Female;Notion Second Brain;E-book;52;3;156;Norway;ClickFunnels;Affiliate;9
5/25/2025;Elli;Genderqueer;Project Management Toolkit;Webinar;111;3;333;Canada;Gumroad;Facebook Ads;8
7/24/2024;Nikkie;Female;AI Course for Beginners;Subscription;122;1;122;Peru;Shopify;Facebook Ads;7
03/02/2025;Nickolaus;Male;Content Calendar Pro;Course;87;2;174;Mongolia;Direct;YouTube;0
10/14/2024;Chrysa;Female;Project Management Toolkit;E-book;119;4;476;Indonesia;Kajabi;YouTube;3
1/25/2025;Wadsworth;Male;Webinar: Launch Your First Course;E-book;127;1;127;Indonesia;Gumroad;YouTube;10
04/01/2025;Artie;Polygender;Webinar: Launch Your First Course;Webinar;141;5;705;Armenia;Teachable;Paid Ads;0
10/04/2024;Kelila;Female;Project Management Toolkit;Webinar;45;3;135;North Korea;Kajabi;Affiliate;10
7/15/2024;Angelina;Female;Project Management Toolkit;Template;22;4;88;Philippines;Direct;TikTok;10
4/20/2025;Zola;Female;Notion Second Brain;Webinar;25;1;25;China;Shopify;Email;5
1/19/2025;Roderich;Male;Habit Tracker for Creators;Template;109;4;436;Belarus;Shopify;Affiliate;6
7/13/2024;Stavro;Male;Financial Tracker;Webinar;74;1;74;Japan;ClickFunnels;Facebook Ads;1
09/07/2024;Tito;Male;AI Course for Beginners;Course;36;4;144;China;Gumroad;Instagram;3
04/01/2025;Mahala;Polygender;Habit Tracker for Creators;Coaching Program;30;5;150;Moldova;Teachable;Facebook Ads;5
10/13/2024;Robert;Male;Ultimate Planner Hub;Coaching Program;116;2;232;Philippines;ClickFunnels;Affiliate;5
12/02/2024;Donna;Female;Masterclass: Digital Marketing;E-book;77;4;308;Mexico;Shopify;Organic Search;1
4/22/2025;Isabelita;Female;Content Calendar Pro;Subscription;146;3;438;China;Direct;Organic Search;8
4/29/2025;Maddalena;Bigender;Content Calendar Pro;E-book;61;1;61;China;ClickFunnels;Email;10
06/12/2025;Allyce;Female;Webinar: Launch Your First Course;E-book;67;3;201;China;Direct;Paid Ads;3
06/03/2025;Shandee;Female;Habit Tracker for Creators;Subscription;74;3;222;Philippines;Teachable;Email;1
01/07/2025;Meridith;Female;Content Calendar Pro;Coaching Program;50;4;200;Philippines;Shopify;TikTok;0
12/21/2024;Skylar;Male;AI Course for Beginners;Course;103;3;309;China;Gumroad;Organic Search;1
9/23/2024;Glenda;Female;Webinar: Launch Your First Course;Template;102;5;510;Mexico;Direct;Email;5
03/08/2025;Ludovico;Male;AI Course for Beginners;Webinar;48;5;240;Pakistan;Teachable;Facebook Ads;10
1/31/2025;Renard;Male;Content Calendar Pro;Template;148;2;296;Thailand;Gumroad;TikTok;1
12/24/2024;Martie;Male;Content Calendar Pro;Subscription;111;2;222;Indonesia;Kajabi;Organic Search;6
11/25/2024;Cheryl;Female;Project Management Toolkit;E-book;117;3;351;Brazil;ClickFunnels;TikTok;4
1/16/2025;Niccolo;Male;Masterclass: Digital Marketing;Subscription;99;5;495;Egypt;Teachable;Paid Ads;4
1/19/2025;Lindy;Polygender;Project Management Toolkit;Subscription;123;5;615;China;Direct;Facebook Ads;10
11/18/2024;Vivyanne;Female;Notion Second Brain;Template;66;4;264;Egypt;Teachable;Organic Search;6
11/30/2024;Ches;Male;Masterclass: Digital Marketing;E-book;147;5;735;Philippines;ClickFunnels;TikTok;7
10/15/2024;Brianna;Genderqueer;Habit Tracker for Creators;E-book;82;1;82;Russia;ClickFunnels;Facebook Ads;5
5/28/2025;Prudi;Female;Masterclass: Digital Marketing;Subscription;72;1;72;China;Gumroad;TikTok;4
05/08/2025;Hope;Female;Masterclass: Digital Marketing;Webinar;110;4;440;Ecuador;Kajabi;YouTube;0
08/04/2024;Kissie;Female;Notion Second Brain;Template;25;3;75;Norway;Gumroad;Facebook Ads;7
10/27/2024;Jessey;Male;Project Management Toolkit;Webinar;132;4;528;Italy;Teachable;Organic Search;8
04/07/2025;Chariot;Male;Ultimate Planner Hub;Course;147;2;294;United States;Direct;YouTube;9
3/30/2025;Sydney;Female;Webinar: Launch Your First Course;Subscription;45;3;135;Colombia;ClickFunnels;Organic Search;2
1/15/2025;Jule;Male;Financial Tracker;Template;44;5;220;China;Gumroad;Paid Ads;4
11/17/2024;Magdalen;Female;AI Course for Beginners;E-book;105;2;210;Finland;Gumroad;YouTube;0
11/22/2024;Tallie;Male;Content Calendar Pro;Coaching Program;91;2;182;Malaysia;Direct;Affiliate;10
9/25/2024;Dal;Male;Financial Tracker;Subscription;89;1;89;Sweden;Direct;Paid Ads;8
10/27/2024;Silvano;Male;Notion Second Brain;E-book;74;5;370;Venezuela;Kajabi;Paid Ads;10
7/14/2024;Editha;Female;Webinar: Launch Your First Course;Webinar;88;2;176;Brazil;Gumroad;Paid Ads;5
05/06/2025;Bogart;Male;Notion Second Brain;Webinar;54;1;54;Malta;Teachable;YouTube;0
11/23/2024;Tracie;Agender;Habit Tracker for Creators;Course;85;5;425;Brazil;Teachable;Email;1
1/26/2025;Tibold;Male;AI Course for Beginners;Template;72;1;72;China;Teachable;Instagram;0
5/13/2025;Trefor;Male;Project Management Toolkit;Coaching Program;54;5;270;Madagascar;ClickFunnels;YouTube;4
6/21/2025;Sosanna;Female;Webinar: Launch Your First Course;Course;46;5;230;Nigeria;ClickFunnels;TikTok;4
6/19/2025;Cornela;Female;Notion Second Brain;Webinar;52;2;104;Portugal;Gumroad;Facebook Ads;9
6/22/2025;Leif;Male;AI Course for Beginners;E-book;85;3;255;Sweden;Shopify;YouTube;8
10/24/2024;Rustie;Male;Masterclass: Digital Marketing;Webinar;62;3;186;Brazil;Teachable;TikTok;8
2/26/2025;Dael;Non-binary;Habit Tracker for Creators;Webinar;53;3;159;Burkina Faso;Gumroad;Organic Search;10
10/01/2024;Bronson;Male;Financial Tracker;Course;35;5;175;China;Direct;Facebook Ads;4
04/01/2025;Mannie;Male;Habit Tracker for Creators;Course;127;2;254;Portugal;Direct;TikTok;3
11/02/2024;Jarib;Male;AI Course for Beginners;Course;30;1;30;Philippines;Kajabi;Facebook Ads;2
4/16/2025;Kerri;Female;Masterclass: Digital Marketing;Coaching Program;144;2;288;Indonesia;Shopify;Paid Ads;6
5/22/2025;Joann;Female;Ultimate Planner Hub;E-book;40;2;80;France;Shopify;Paid Ads;9
6/30/2024;Gorden;Male;Content Calendar Pro;E-book;129;3;387;Canada;Shopify;Affiliate;8
3/15/2025;Temp;Male;Webinar: Launch Your First Course;Webinar;137;4;548;United States;Shopify;Instagram;9
10/04/2024;Garey;Genderfluid;Content Calendar Pro;E-book;69;3;207;Palestinian Territory;Gumroad;Email;1
7/21/2024;Lucita;Female;Habit Tracker for Creators;E-book;31;5;155;Taiwan;Kajabi;Paid Ads;9
12/23/2024;Tyrus;Male;Content Calendar Pro;E-book;27;5;135;China;Gumroad;Paid Ads;1
02/01/2025;Doe;Polygender;Financial Tracker;Course;102;4;408;Dominican Republic;Kajabi;Affiliate;2
8/28/2024;Judon;Male;AI Course for Beginners;Course;72;4;288;Norway;Teachable;Affiliate;6
09/04/2024;Shanon;Bigender;Habit Tracker for Creators;E-book;124;5;620;China;Shopify;Organic Search;5
01/12/2025;Ronnica;Female;Notion Second Brain;Webinar;145;3;435;Greece;Teachable;Affiliate;1
2/23/2025;Ambrose;Male;Project Management Toolkit;Coaching Program;130;1;130;Indonesia;Teachable;YouTube;7
1/29/2025;Pauly;Male;Content Calendar Pro;Coaching Program;69;3;207;Malaysia;Kajabi;Affiliate;9
12/13/2024;Glenn;Male;Webinar: Launch Your First Course;Coaching Program;46;2;92;Sweden;Teachable;Instagram;7
10/03/2024;Rochelle;Female;Content Calendar Pro;Webinar;133;3;399;Bosnia and Herzegovina;Gumroad;Organic Search;3
01/07/2025;Robinia;Agender;Content Calendar Pro;Subscription;22;5;110;Central African Republic;Teachable;Paid Ads;3
09/07/2024;Tracey;Male;Productivity Booster Pack;Template;86;5;430;China;Teachable;YouTube;9
4/21/2025;Hew;Male;Productivity Booster Pack;Course;141;3;423;Dominican Republic;ClickFunnels;Instagram;7
05/10/2025;Shepherd;Male;Habit Tracker for Creators;E-book;63;4;252;China;Direct;Instagram;8
03/04/2025;Jena;Female;Productivity Booster Pack;Subscription;116;3;348;Portugal;Kajabi;Organic Search;2
08/08/2024;Ingeborg;Female;Financial Tracker;E-book;123;1;123;South Africa;Teachable;YouTube;7
4/19/2025;Whitby;Male;Productivity Booster Pack;Coaching Program;62;5;310;Niger;Kajabi;Email;10
4/24/2025;Elie;Female;AI Course for Beginners;Subscription;55;4;220;Canada;ClickFunnels;YouTube;1
6/27/2024;Nicola;Male;Project Management Toolkit;E-book;43;3;129;Belarus;Kajabi;Paid Ads;1
10/05/2024;Byrann;Genderfluid;Productivity Booster Pack;Webinar;27;3;81;Philippines;Shopify;Instagram;6
11/30/2024;Courtenay;Female;Project Management Toolkit;E-book;110;3;330;Poland;ClickFunnels;Organic Search;7
3/17/2025;Ban;Male;Ultimate Planner Hub;Subscription;20;2;40;Serbia;Teachable;Organic Search;1
12/30/2024;Skyler;Male;Notion Second Brain;Template;146;3;438;Brazil;Shopify;Facebook Ads;0
2/23/2025;Minna;Female;Financial Tracker;Subscription;47;4;188;Saudi Arabia;ClickFunnels;Instagram;9
10/11/2024;Jaimie;Male;Masterclass: Digital Marketing;Template;50;4;200;Guatemala;Teachable;Organic Search;0
05/01/2025;Saloma;Female;Content Calendar Pro;Template;77;3;231;China;Kajabi;Paid Ads;0
11/08/2024;Roselia;Female;Ultimate Planner Hub;Subscription;69;3;207;Morocco;Gumroad;Organic Search;2
4/30/2025;Fannie;Female;Notion Second Brain;E-book;23;4;92;Kenya;ClickFunnels;Email;10
01/08/2025;Reade;Male;AI Course for Beginners;Coaching Program;132;3;396;Croatia;Teachable;TikTok;3
9/30/2024;Darsie;Genderfluid;Habit Tracker for Creators;Subscription;88;5;440;China;Teachable;Facebook Ads;7
12/16/2024;Mella;Female;Project Management Toolkit;Webinar;67;5;335;China;Kajabi;Organic Search;2
7/23/2024;Sile;Female;Notion Second Brain;Template;89;1;89;China;Teachable;Facebook Ads;5
11/25/2024;Stefan;Male;Webinar: Launch Your First Course;E-book;134;4;536;Sweden;Teachable;Affiliate;0
06/01/2025;Jacintha;Polygender;Productivity Booster Pack;Template;35;2;70;Colombia;Shopify;YouTube;10
6/26/2024;Evie;Female;Productivity Booster Pack;E-book;95;5;475;Philippines;Direct;Affiliate;5
08/08/2024;Eyde;Genderfluid;Masterclass: Digital Marketing;Coaching Program;21;5;105;Yemen;ClickFunnels;Paid Ads;8
7/30/2024;Abbey;Female;AI Course for Beginners;Course;129;1;129;Uzbekistan;Shopify;Instagram;3
01/01/2025;Sorcha;Female;Habit Tracker for Creators;E-book;126;2;252;Russia;Teachable;Instagram;5
10/15/2024;Bertina;Non-binary;Webinar: Launch Your First Course;Template;117;4;468;France;Direct;Instagram;9
8/15/2024;Fairleigh;Male;Habit Tracker for Creators;Subscription;139;3;417;Madagascar;Teachable;Organic Search;4
02/05/2025;Katrina;Genderqueer;Ultimate Planner Hub;Coaching Program;122;4;488;Bulgaria;Gumroad;Affiliate;4
06/04/2025;Imelda;Female;Project Management Toolkit;Webinar;47;1;47;Brazil;Direct;TikTok;2
2/15/2025;Maynord;Male;Content Calendar Pro;Template;121;2;242;Indonesia;Teachable;Email;1
4/28/2025;Richmond;Male;Productivity Booster Pack;Webinar;134;3;402;France;ClickFunnels;YouTube;10
03/04/2025;Kleon;Male;Habit Tracker for Creators;Subscription;65;3;195;Ukraine;Gumroad;Paid Ads;7
12/30/2024;Ame;Female;AI Course for Beginners;Coaching Program;63;5;315;Norway;ClickFunnels;Paid Ads;9
06/06/2025;Talbert;Male;Notion Second Brain;Course;130;2;260;Kazakhstan;Shopify;Organic Search;9
05/11/2025;Niven;Genderqueer;Productivity Booster Pack;Course;81;2;162;Indonesia;Teachable;Instagram;6
5/31/2025;Puff;Male;Habit Tracker for Creators;Webinar;32;5;160;Indonesia;ClickFunnels;Affiliate;5
05/09/2025;Karine;Female;Habit Tracker for Creators;Webinar;40;4;160;Peru;Gumroad;Affiliate;8
6/24/2025;Rhianon;Female;Habit Tracker for Creators;Template;33;5;165;Indonesia;Direct;Affiliate;10
07/02/2024;Belia;Female;Financial Tracker;E-book;77;1;77;Cape Verde;Teachable;Organic Search;3
8/18/2024;Woody;Male;Webinar: Launch Your First Course;Subscription;95;2;190;Uruguay;Teachable;YouTube;6
3/25/2025;Marchall;Male;Ultimate Planner Hub;Template;128;5;640;Russia;Gumroad;Organic Search;10
1/16/2025;Tommy;Male;Notion Second Brain;Template;92;4;368;Indonesia;Direct;YouTube;4
4/14/2025;Jarrett;Male;Masterclass: Digital Marketing;E-book;132;2;264;Philippines;Kajabi;Instagram;4
8/20/2024;Lezlie;Female;Webinar: Launch Your First Course;Course;71;3;213;Cameroon;Teachable;Instagram;10
05/01/2025;Maurizio;Male;Notion Second Brain;Subscription;106;2;212;Brazil;ClickFunnels;YouTube;0
06/08/2025;Hugues;Male;Ultimate Planner Hub;Course;44;4;176;Kazakhstan;Teachable;Paid Ads;2
8/14/2024;Esdras;Male;Financial Tracker;Webinar;37;3;111;Indonesia;Gumroad;Organic Search;9
1/25/2025;Charo;Female;Ultimate Planner Hub;E-book;145;4;580;China;ClickFunnels;Facebook Ads;5
11/01/2024;Allys;Female;Financial Tracker;Subscription;31;5;155;Philippines;Gumroad;Facebook Ads;0
07/01/2024;Andre;Male;Project Management Toolkit;Course;44;3;132;Greece;Kajabi;Affiliate;5
9/15/2024;Alverta;Female;Webinar: Launch Your First Course;Template;135;3;405;Brazil;Direct;Organic Search;3
5/19/2025;Sal;Female;Content Calendar Pro;Subscription;36;2;72;Netherlands;Shopify;Email;0
9/19/2024;Clim;Male;Webinar: Launch Your First Course;Course;119;4;476;Croatia;ClickFunnels;YouTube;5
5/17/2025;Malachi;Male;Masterclass: Digital Marketing;Subscription;116;1;116;Indonesia;Gumroad;Paid Ads;7
5/13/2025;Kerrie;Female;Notion Second Brain;E-book;60;2;120;Philippines;Direct;Facebook Ads;10
4/17/2025;Colleen;Female;Content Calendar Pro;Course;95;4;380;Philippines;Teachable;Organic Search;5
4/15/2025;Joey;Male;Webinar: Launch Your First Course;Course;73;5;365;Iran;ClickFunnels;Instagram;4
6/15/2025;Kali;Non-binary;Masterclass: Digital Marketing;Subscription;59;2;118;Georgia;Direct;Organic Search;10
7/23/2024;Stevana;Female;Notion Second Brain;Webinar;78;2;156;France;ClickFunnels;TikTok;10
02/12/2025;Nikkie;Female;Project Management Toolkit;Course;55;4;220;China;Kajabi;Instagram;9
5/15/2025;Jake;Male;Webinar: Launch Your First Course;E-book;34;1;34;France;Teachable;Instagram;7
9/26/2024;Louie;Male;Habit Tracker for Creators;Course;106;2;212;Indonesia;Gumroad;Organic Search;4
8/16/2024;Rivkah;Female;Project Management Toolkit;Subscription;95;4;380;Palestinian Territory;Teachable;Email;10
10/04/2024;Nessi;Female;Masterclass: Digital Marketing;Webinar;33;1;33;China;Gumroad;Facebook Ads;2
10/30/2024;Isiahi;Male;Ultimate Planner Hub;Template;48;2;96;Indonesia;Kajabi;Instagram;4
11/26/2024;Bendix;Male;Financial Tracker;Coaching Program;89;3;267;Indonesia;ClickFunnels;YouTube;8
9/17/2024;Cara;Female;Financial Tracker;Webinar;109;3;327;Nicaragua;Direct;Paid Ads;0
10/28/2024;Kalila;Female;Notion Second Brain;Webinar;79;4;316;China;Kajabi;Paid Ads;2
7/25/2024;Ardelle;Female;Financial Tracker;Course;55;4;220;Lithuania;Shopify;Email;8
01/08/2025;Norri;Female;Masterclass: Digital Marketing;Template;113;3;339;Paraguay;Gumroad;Facebook Ads;6
03/02/2025;Ellery;Male;Masterclass: Digital Marketing;Template;128;2;256;Palestinian Territory;Teachable;Email;10
7/23/2024;Carola;Female;Project Management Toolkit;Webinar;72;5;360;Macedonia;Direct;YouTube;2
5/26/2025;Josephine;Female;Project Management Toolkit;Coaching Program;51;4;204;Palestinian Territory;ClickFunnels;YouTube;10
12/21/2024;Frasco;Male;Ultimate Planner Hub;Template;70;1;70;Portugal;Gumroad;Instagram;0
4/21/2025;Delbert;Agender;Content Calendar Pro;Coaching Program;77;5;385;China;Gumroad;YouTube;7
01/08/2025;Patin;Male;Project Management Toolkit;Course;142;1;142;Philippines;Shopify;Paid Ads;7
11/02/2024;Shalne;Genderfluid;Habit Tracker for Creators;Webinar;30;5;150;China;Shopify;Affiliate;8
8/22/2024;Kathye;Female;Habit Tracker for Creators;E-book;79;5;395;Hungary;Kajabi;Instagram;2
01/09/2025;Briana;Female;Financial Tracker;Course;71;1;71;Spain;Gumroad;Organic Search;4
11/26/2024;Bondon;Male;AI Course for Beginners;Webinar;20;1;20;Indonesia;Shopify;Instagram;5
05/08/2025;Tim;Male;Webinar: Launch Your First Course;E-book;100;5;500;China;Gumroad;Facebook Ads;2
10/26/2024;Em;Male;Notion Second Brain;Coaching Program;65;5;325;Peru;Gumroad;Paid Ads;0
08/12/2024;Hollie;Female;Masterclass: Digital Marketing;Course;108;1;108;Canada;Shopify;TikTok;8
06/11/2025;Maudie;Female;Habit Tracker for Creators;Template;42;5;210;Israel;ClickFunnels;Affiliate;9
12/21/2024;Isiahi;Male;Ultimate Planner Hub;Webinar;54;4;216;China;Teachable;YouTube;8
7/26/2024;Yorke;Male;Content Calendar Pro;Template;21;2;42;Greece;Teachable;Email;7
11/24/2024;Kat;Female;Financial Tracker;E-book;60;5;300;Uruguay;Teachable;Affiliate;9
10/20/2024;Garvin;Male;Financial Tracker;Coaching Program;26;5;130;China;ClickFunnels;Instagram;3
05/03/2025;Gav;Male;Content Calendar Pro;Coaching Program;38;5;190;Afghanistan;Direct;Instagram;10
3/23/2025;Neville;Male;Webinar: Launch Your First Course;Webinar;149;3;447;Japan;ClickFunnels;Facebook Ads;10
03/11/2025;Henrie;Genderqueer;Content Calendar Pro;E-book;112;3;336;United States;Gumroad;Organic Search;3
5/31/2025;Gabrielle;Female;Project Management Toolkit;Coaching Program;145;2;290;Philippines;Teachable;Organic Search;8
3/31/2025;Douglas;Male;Financial Tracker;Course;30;1;30;Brazil;Shopify;Email;8
12/06/2024;Land;Male;Productivity Booster Pack;Subscription;57;4;228;Croatia;Teachable;TikTok;6
2/21/2025;Maximilien;Male;Content Calendar Pro;Template;122;2;244;United States;ClickFunnels;Email;3
4/30/2025;Allyn;Female;Masterclass: Digital Marketing;E-book;132;5;660;China;Shopify;Email;1
3/21/2025;Indira;Female;Productivity Booster Pack;Webinar;135;2;270;Sweden;Kajabi;Instagram;3
02/11/2025;Shelly;Female;Content Calendar Pro;Subscription;106;2;212;Portugal;Kajabi;Paid Ads;4
9/13/2024;Brigitte;Female;Productivity Booster Pack;Template;81;4;324;Thailand;Teachable;Email;1
06/04/2025;Ware;Male;AI Course for Beginners;Template;109;2;218;China;Shopify;Paid Ads;7
06/04/2025;Noemi;Female;Financial Tracker;Webinar;107;2;214;Mexico;ClickFunnels;Facebook Ads;9
10/11/2024;Winn;Male;Project Management Toolkit;Subscription;100;5;500;China;ClickFunnels;Instagram;1
8/14/2024;Vin;Female;Masterclass: Digital Marketing;E-book;76;1;76;Portugal;Gumroad;TikTok;8
12/28/2024;Kristina;Female;Productivity Booster Pack;Webinar;73;5;365;China;Gumroad;Affiliate;5
04/09/2025;Giavani;Male;Productivity Booster Pack;Coaching Program;25;3;75;Mongolia;Teachable;Paid Ads;6
5/20/2025;Gwennie;Female;Habit Tracker for Creators;Webinar;109;3;327;Iran;Teachable;Affiliate;6
10/14/2024;Vergil;Male;Habit Tracker for Creators;E-book;93;5;465;Germany;ClickFunnels;Email;1
2/21/2025;Tabbie;Male;Webinar: Launch Your First Course;E-book;19;3;57;United States;Shopify;Instagram;0
5/31/2025;Roselia;Genderfluid;Content Calendar Pro;Template;39;5;195;Poland;Kajabi;Facebook Ads;7
9/27/2024;Foss;Male;Content Calendar Pro;Subscription;30;2;60;Portugal;Kajabi;Instagram;5
02/02/2025;Gordy;Male;AI Course for Beginners;Template;31;5;155;Finland;Gumroad;Affiliate;10
02/03/2025;Ilyse;Female;AI Course for Beginners;Course;83;5;415;Russia;Teachable;TikTok;6
11/08/2024;Karlik;Male;Project Management Toolkit;Course;42;2;84;Costa Rica;Shopify;Organic Search;2
02/02/2025;Deni;Female;Masterclass: Digital Marketing;Course;127;2;254;Botswana;Kajabi;Affiliate;4
9/14/2024;Liv;Female;Ultimate Planner Hub;E-book;37;3;111;Chile;ClickFunnels;TikTok;3
4/17/2025;Tibold;Male;Notion Second Brain;Course;144;5;720;Indonesia;Shopify;Email;0
5/24/2025;Sonya;Female;Ultimate Planner Hub;Course;23;5;115;China;Shopify;Affiliate;4
02/04/2025;Hamilton;Male;Project Management Toolkit;Webinar;84;2;168;China;Teachable;Paid Ads;7
3/13/2025;Prissie;Female;Notion Second Brain;Coaching Program;77;2;154;Portugal;Direct;YouTube;0
02/08/2025;Garry;Male;Financial Tracker;Coaching Program;141;3;423;Indonesia;Teachable;Email;2
09/02/2024;Stanley;Male;AI Course for Beginners;Webinar;43;5;215;Tanzania;Gumroad;Instagram;10
10/07/2024;Alejandrina;Female;Project Management Toolkit;Subscription;109;2;218;Poland;Gumroad;Affiliate;4
6/13/2025;Henka;Female;Habit Tracker for Creators;Subscription;84;3;252;Sweden;Shopify;Paid Ads;9
02/01/2025;Georgie;Female;Productivity Booster Pack;Template;60;1;60;Indonesia;Direct;YouTube;7
01/05/2025;Norrie;Male;Ultimate Planner Hub;Course;84;5;420;Ukraine;Kajabi;Affiliate;9
5/16/2025;Kahaleel;Male;Notion Second Brain;Coaching Program;32;2;64;Venezuela;Teachable;TikTok;8
02/10/2025;Florida;Genderqueer;Content Calendar Pro;Coaching Program;21;3;63;Portugal;Kajabi;Facebook Ads;3
04/12/2025;Rudolfo;Male;Webinar: Launch Your First Course;E-book;63;2;126;China;ClickFunnels;Affiliate;3
05/10/2025;Paxon;Male;Project Management Toolkit;Webinar;84;3;252;Poland;ClickFunnels;Affiliate;3
1/16/2025;Gisele;Female;Productivity Booster Pack;Course;133;2;266;Indonesia;Teachable;Organic Search;9
05/04/2025;Vincents;Male;Content Calendar Pro;Template;35;5;175;China;Gumroad;Organic Search;9
9/13/2024;Slade;Male;Project Management Toolkit;Course;145;3;435;China;Gumroad;Instagram;6
9/28/2024;Konrad;Male;Notion Second Brain;Webinar;124;1;124;Egypt;Direct;YouTube;1
1/13/2025;Shaina;Female;Ultimate Planner Hub;Webinar;66;1;66;Russia;Shopify;Facebook Ads;4
11/19/2024;Livia;Female;Financial Tracker;Webinar;118;3;354;Mexico;Kajabi;Email;10
01/07/2025;Evy;Female;AI Course for Beginners;Webinar;75;1;75;Nigeria;ClickFunnels;Instagram;4
12/27/2024;Carlynne;Female;Notion Second Brain;Subscription;129;2;258;Russia;Direct;Organic Search;8
1/20/2025;Ingaborg;Female;Webinar: Launch Your First Course;Subscription;49;1;49;Poland;Direct;Facebook Ads;2
06/11/2025;Mohandas;Male;Webinar: Launch Your First Course;Template;99;5;495;Indonesia;ClickFunnels;Facebook Ads;7
1/28/2025;Harlan;Male;Notion Second Brain;E-book;38;4;152;China;Teachable;Facebook Ads;2
09/07/2024;Wandis;Female;Webinar: Launch Your First Course;Template;96;2;192;Peru;Teachable;Facebook Ads;2
11/20/2024;Bevon;Male;Habit Tracker for Creators;Course;80;4;320;China;Gumroad;Affiliate;5
12/17/2024;Waring;Male;Financial Tracker;Template;149;3;447;Malaysia;ClickFunnels;Affiliate;2
02/02/2025;Dane;Male;Masterclass: Digital Marketing;Coaching Program;66;1;66;Brazil;Shopify;Organic Search;4
2/15/2025;Tanitansy;Female;AI Course for Beginners;Course;41;1;41;China;Kajabi;Email;2
11/11/2024;Ulrike;Female;Ultimate Planner Hub;Subscription;88;3;264;Indonesia;ClickFunnels;Affiliate;4
09/01/2024;Vachel;Male;Project Management Toolkit;Webinar;74;2;148;France;Teachable;Affiliate;1
3/27/2025;Rosy;Female;Notion Second Brain;Coaching Program;124;5;620;Poland;Gumroad;Instagram;4
12/22/2024;Kellsie;Female;Webinar: Launch Your First Course;Subscription;55;2;110;Russia;Kajabi;YouTube;6
03/07/2025;Loria;Female;Productivity Booster Pack;Coaching Program;142;5;710;China;Gumroad;Facebook Ads;5
12/14/2024;Shara;Female;Financial Tracker;Template;64;5;320;China;Kajabi;TikTok;10
11/07/2024;Lorry;Polygender;Ultimate Planner Hub;Webinar;54;1;54;Indonesia;ClickFunnels;Organic Search;8
11/23/2024;Imelda;Female;Webinar: Launch Your First Course;Course;33;2;66;Paraguay;Kajabi;Facebook Ads;5
11/07/2024;Cristina;Genderqueer;Masterclass: Digital Marketing;Template;39;5;195;Canada;Kajabi;TikTok;3
10/15/2024;Bobbye;Genderqueer;Notion Second Brain;Coaching Program;79;1;79;Russia;Shopify;Facebook Ads;7
9/19/2024;Teador;Male;Masterclass: Digital Marketing;Coaching Program;131;1;131;Russia;ClickFunnels;YouTube;8
8/28/2024;Bealle;Male;AI Course for Beginners;Subscription;43;5;215;Albania;ClickFunnels;Facebook Ads;7
12/17/2024;Marius;Male;Content Calendar Pro;Course;57;5;285;China;Gumroad;Instagram;9
4/30/2025;Janifer;Female;Webinar: Launch Your First Course;Subscription;118;3;354;Indonesia;Shopify;Instagram;4
01/07/2025;Felice;Genderfluid;Productivity Booster Pack;Template;59;2;118;China;Teachable;Email;7
3/18/2025;Roosevelt;Male;Masterclass: Digital Marketing;Subscription;125;1;125;Russia;Kajabi;Instagram;4
10/04/2024;Elaine;Female;Notion Second Brain;Subscription;25;2;50;Indonesia;Gumroad;Email;7
06/02/2025;Claudette;Female;Financial Tracker;Coaching Program;128;1;128;Canada;Direct;YouTube;8
12/20/2024;Catlaina;Female;Content Calendar Pro;Template;72;1;72;China;Direct;Instagram;8
1/25/2025;Tobi;Female;Content Calendar Pro;Course;36;2;72;Gambia;ClickFunnels;Facebook Ads;6
10/25/2024;Brynne;Female;Habit Tracker for Creators;Subscription;102;2;204;China;Shopify;Organic Search;10
12/06/2024;Abby;Male;Project Management Toolkit;E-book;75;1;75;France;Shopify;TikTok;7
7/29/2024;Kari;Female;AI Course for Beginners;Template;125;1;125;Greece;Kajabi;Paid Ads;6
05/09/2025;Darsey;Female;Productivity Booster Pack;Coaching Program;93;1;93;China;Shopify;Instagram;4
07/03/2024;Marlo;Male;Masterclass: Digital Marketing;E-book;57;5;285;Brazil;Kajabi;Organic Search;2
04/04/2025;Ramonda;Female;Content Calendar Pro;Webinar;30;4;120;Portugal;Gumroad;YouTube;10
10/05/2024;Melania;Female;Webinar: Launch Your First Course;Course;78;3;234;Brazil;Shopify;YouTube;5
04/06/2025;Avictor;Male;AI Course for Beginners;E-book;56;5;280;Czech Republic;Shopify;Organic Search;4
04/06/2025;Wendy;Female;Masterclass: Digital Marketing;Template;86;5;430;Switzerland;Direct;TikTok;2
04/04/2025;Emery;Male;Masterclass: Digital Marketing;Webinar;93;5;465;Nicaragua;Teachable;Facebook Ads;0
11/13/2024;Alvis;Male;Webinar: Launch Your First Course;Coaching Program;52;5;260;China;Teachable;Affiliate;1
04/12/2025;Ermanno;Agender;Project Management Toolkit;Template;135;1;135;Zambia;Shopify;Facebook Ads;9
04/01/2025;Else;Female;AI Course for Beginners;Webinar;74;1;74;Indonesia;Direct;Organic Search;6
9/29/2024;Archy;Male;Project Management Toolkit;Coaching Program;21;5;105;Indonesia;Shopify;Instagram;8
03/08/2025;Karoly;Male;Masterclass: Digital Marketing;Template;148;5;740;Marshall Islands;Direct;Affiliate;2
11/23/2024;Fairleigh;Non-binary;Productivity Booster Pack;Webinar;41;1;41;Greece;Direct;Paid Ads;1
11/28/2024;Cecilius;Male;Content Calendar Pro;Webinar;113;4;452;Russia;Gumroad;Email;2
8/18/2024;Stillmann;Male;Content Calendar Pro;E-book;149;2;298;Thailand;Gumroad;Instagram;5
05/07/2025;Brendan;Male;Productivity Booster Pack;Subscription;82;2;164;Philippines;Gumroad;YouTube;5
3/27/2025;Mufinella;Female;AI Course for Beginners;Template;23;4;92;Colombia;Shopify;Organic Search;3
01/05/2025;Ulysses;Bigender;Masterclass: Digital Marketing;Template;131;5;655;France;Kajabi;Affiliate;3
12/30/2024;Arte;Male;Masterclass: Digital Marketing;E-book;108;1;108;Armenia;Kajabi;Affiliate;10
7/18/2024;Fredek;Male;Project Management Toolkit;Course;112;1;112;Kyrgyzstan;Gumroad;TikTok;9
11/13/2024;Dani;Female;Notion Second Brain;Template;88;2;176;Greece;Kajabi;Organic Search;0
09/11/2024;Eunice;Female;Webinar: Launch Your First Course;E-book;148;3;444;Central African Republic;Teachable;Facebook Ads;3
11/28/2024;Bowie;Male;Ultimate Planner Hub;Template;83;3;249;China;Shopify;Affiliate;6
02/12/2025;Gaspard;Male;Webinar: Launch Your First Course;Subscription;133;3;399;Czech Republic;ClickFunnels;TikTok;2
09/06/2024;Shelby;Female;Webinar: Launch Your First Course;E-book;36;1;36;Russia;Kajabi;Email;2
07/11/2024;Barbaraanne;Genderqueer;Ultimate Planner Hub;Webinar;148;1;148;Philippines;ClickFunnels;Facebook Ads;5
9/27/2024;Libbi;Female;Productivity Booster Pack;E-book;30;4;120;Argentina;ClickFunnels;Instagram;3
11/07/2024;Orelia;Female;Masterclass: Digital Marketing;Template;29;3;87;Russia;Teachable;Paid Ads;9
11/12/2024;Ilene;Female;Ultimate Planner Hub;Course;123;1;123;China;Direct;Email;6
04/08/2025;Phyllis;Female;Habit Tracker for Creators;Template;43;4;172;Chad;Kajabi;Email;7
08/10/2024;Ahmad;Male;Productivity Booster Pack;Subscription;75;4;300;Poland;Direct;TikTok;1
12/06/2024;Rustie;Male;Webinar: Launch Your First Course;Coaching Program;27;1;27;Honduras;ClickFunnels;Paid Ads;8
9/20/2024;Leontine;Female;Habit Tracker for Creators;Course;29;5;145;France;Shopify;TikTok;3
5/31/2025;Belinda;Female;Project Management Toolkit;Course;34;4;136;Palestinian Territory;Shopify;Instagram;6
8/22/2024;Dredi;Female;Webinar: Launch Your First Course;Template;36;3;108;China;Gumroad;Organic Search;1
7/26/2024;Griffy;Male;Notion Second Brain;Course;132;2;264;American Samoa;Teachable;YouTube;0
11/09/2024;Melisenda;Female;Financial Tracker;Coaching Program;120;3;360;Philippines;Teachable;Instagram;8
9/28/2024;Ronna;Female;Content Calendar Pro;Webinar;87;3;261;Poland;Shopify;Organic Search;4
8/27/2024;Morissa;Female;Masterclass: Digital Marketing;E-book;86;3;258;United States;Direct;Email;3
06/01/2025;Evanne;Female;Productivity Booster Pack;Coaching Program;70;2;140;Russia;Kajabi;Affiliate;10
3/28/2025;Ly;Genderfluid;Productivity Booster Pack;E-book;93;5;465;Poland;Kajabi;Paid Ads;2
4/19/2025;Lilyan;Polygender;Productivity Booster Pack;Coaching Program;139;5;695;Vietnam;ClickFunnels;Organic Search;7
5/13/2025;Essa;Female;Content Calendar Pro;E-book;144;1;144;North Korea;Shopify;Instagram;5
7/26/2024;Gonzales;Male;Notion Second Brain;E-book;114;5;570;Finland;Direct;Facebook Ads;3
7/15/2024;Walsh;Male;AI Course for Beginners;E-book;24;1;24;China;Shopify;Paid Ads;8
11/14/2024;Marrissa;Female;Ultimate Planner Hub;Coaching Program;148;3;444;China;Teachable;Affiliate;1
02/03/2025;Mei;Female;Notion Second Brain;Webinar;56;2;112;Cuba;Gumroad;TikTok;6
01/01/2025;Fee;Male;Content Calendar Pro;Template;56;1;56;China;Gumroad;Email;6
1/16/2025;Clemmie;Female;Productivity Booster Pack;Coaching Program;19;3;57;Indonesia;ClickFunnels;Organic Search;9
10/27/2024;Candice;Female;Content Calendar Pro;Template;98;3;294;Albania;Teachable;Affiliate;3
04/08/2025;Lorie;Female;Productivity Booster Pack;Subscription;62;2;124;Cuba;Kajabi;YouTube;4
6/17/2025;Jerrie;Male;Masterclass: Digital Marketing;Webinar;90;5;450;China;Gumroad;Email;3
03/09/2025;Micky;Male;Financial Tracker;Course;73;5;365;Poland;Direct;Affiliate;10
1/13/2025;Richy;Male;Content Calendar Pro;Template;20;2;40;Poland;Gumroad;TikTok;0
6/22/2025;Tandie;Female;AI Course for Beginners;Coaching Program;63;5;315;Sweden;Direct;YouTube;9
3/21/2025;Lucie;Female;AI Course for Beginners;Template;139;5;695;Indonesia;Direct;Email;4
06/03/2025;Berk;Male;Content Calendar Pro;Course;139;3;417;Sweden;Shopify;YouTube;3
01/07/2025;Opalina;Female;Productivity Booster Pack;Template;110;3;330;Peru;Shopify;YouTube;1
11/01/2024;Earlie;Male;Content Calendar Pro;Subscription;78;1;78;France;Kajabi;Email;1
12/22/2024;Aubry;Female;Content Calendar Pro;E-book;91;4;364;China;Gumroad;Affiliate;10
02/08/2025;Zebadiah;Male;Habit Tracker for Creators;Course;126;3;378;Jordan;Teachable;Paid Ads;8
7/18/2024;Constantia;Female;Notion Second Brain;Coaching Program;95;2;190;Indonesia;Gumroad;Affiliate;9
07/09/2024;Pearline;Female;Content Calendar Pro;E-book;27;4;108;Poland;Teachable;TikTok;2
4/20/2025;Hedvige;Female;Webinar: Launch Your First Course;Course;137;3;411;Indonesia;Kajabi;YouTube;5
7/24/2024;Clea;Genderfluid;Masterclass: Digital Marketing;Subscription;49;3;147;Ukraine;Teachable;TikTok;5
11/19/2024;Arluene;Female;Masterclass: Digital Marketing;Course;33;2;66;Portugal;Gumroad;Email;10
10/03/2024;Garwood;Male;AI Course for Beginners;Template;88;4;352;China;ClickFunnels;YouTube;6
12/05/2024;Helenka;Female;Project Management Toolkit;Coaching Program;27;4;108;Poland;Kajabi;Email;1
09/02/2024;Dante;Male;Content Calendar Pro;Coaching Program;115;1;115;China;Direct;Facebook Ads;6
9/23/2024;Osborn;Male;Financial Tracker;Webinar;111;4;444;South Africa;Direct;YouTube;8
6/26/2024;Gayla;Female;Productivity Booster Pack;E-book;104;1;104;China;Teachable;Paid Ads;4
05/07/2025;Cyrill;Male;Masterclass: Digital Marketing;Course;30;3;90;Poland;Teachable;Instagram;3
5/19/2025;Archer;Male;Notion Second Brain;Course;148;5;740;China;Direct;TikTok;0
10/30/2024;Barris;Male;Webinar: Launch Your First Course;Course;114;2;228;Lithuania;Direct;Paid Ads;10
10/15/2024;Eden;Female;Project Management Toolkit;E-book;100;1;100;Portugal;Shopify;Paid Ads;7
12/17/2024;Ag;Female;Ultimate Planner Hub;E-book;85;5;425;Indonesia;Gumroad;TikTok;4
12/04/2024;Roshelle;Agender;Content Calendar Pro;E-book;119;3;357;China;Teachable;Paid Ads;9
12/19/2024;Ann-marie;Female;Project Management Toolkit;Course;49;5;245;China;Gumroad;TikTok;10
6/17/2025;Brandyn;Male;Project Management Toolkit;Webinar;112;4;448;Japan;Gumroad;Paid Ads;6
3/26/2025;Essy;Female;Masterclass: Digital Marketing;Webinar;128;3;384;China;ClickFunnels;YouTube;9
12/29/2024;Alida;Female;Habit Tracker for Creators;E-book;85;5;425;Ukraine;ClickFunnels;Email;7
8/29/2024;Shelagh;Female;Webinar: Launch Your First Course;Webinar;98;2;196;Indonesia;Gumroad;Email;9
7/17/2024;Jourdain;Male;AI Course for Beginners;Course;43;4;172;China;ClickFunnels;Paid Ads;8
03/12/2025;Cindi;Female;Masterclass: Digital Marketing;Coaching Program;132;4;528;Netherlands;Gumroad;Facebook Ads;9
10/25/2024;Bronnie;Male;AI Course for Beginners;E-book;90;4;360;France;Shopify;Affiliate;8
6/13/2025;Quinta;Female;Notion Second Brain;E-book;73;2;146;China;Gumroad;YouTube;2
05/06/2025;Jon;Male;Project Management Toolkit;Webinar;76;5;380;Saudi Arabia;Direct;Affiliate;4
9/29/2024;Matilda;Female;Productivity Booster Pack;Template;47;1;47;Ukraine;Gumroad;YouTube;2
2/13/2025;Coop;Male;Notion Second Brain;Webinar;80;1;80;Sweden;ClickFunnels;Facebook Ads;5
3/22/2025;Catharine;Female;Masterclass: Digital Marketing;Webinar;114;3;342;Colombia;Shopify;Instagram;7
12/12/2024;Marla;Female;Masterclass: Digital Marketing;Course;48;5;240;Sweden;ClickFunnels;Facebook Ads;5
02/06/2025;Karlan;Male;AI Course for Beginners;Template;102;4;408;Costa Rica;Direct;YouTube;6
8/26/2024;Kamilah;Female;Financial Tracker;Template;98;2;196;Russia;ClickFunnels;Facebook Ads;0
9/27/2024;Sawyer;Agender;Content Calendar Pro;Subscription;147;5;735;Sierra Leone;Teachable;YouTube;5
3/30/2025;Grazia;Agender;Project Management Toolkit;Subscription;54;3;162;China;Kajabi;Affiliate;6
12/14/2024;Bonni;Female;Content Calendar Pro;E-book;69;5;345;China;Shopify;Email;10
12/15/2024;Che;Male;Financial Tracker;Template;142;1;142;Uzbekistan;Gumroad;Instagram;7
10/03/2024;Darsie;Female;Webinar: Launch Your First Course;Course;38;5;190;China;ClickFunnels;Affiliate;9
01/05/2025;Humberto;Male;Project Management Toolkit;Subscription;75;4;300;Mexico;ClickFunnels;Paid Ads;6
01/07/2025;Daphne;Female;Productivity Booster Pack;Course;36;2;72;Uganda;Gumroad;Instagram;4
11/24/2024;Shurlock;Male;Productivity Booster Pack;Subscription;81;5;405;China;Shopify;YouTube;9
8/13/2024;Axe;Male;Webinar: Launch Your First Course;Template;41;4;164;Pakistan;ClickFunnels;Paid Ads;2
09/12/2024;Vincenty;Male;AI Course for Beginners;Subscription;119;5;595;Russia;Teachable;TikTok;8
8/14/2024;Hansiain;Male;Content Calendar Pro;Subscription;43;1;43;Vietnam;ClickFunnels;YouTube;4
2/24/2025;Bat;Male;Productivity Booster Pack;E-book;20;3;60;Japan;Direct;Affiliate;1
04/08/2025;Otha;Female;AI Course for Beginners;Course;117;4;468;Philippines;Kajabi;Facebook Ads;6
10/17/2024;Eberhard;Male;Content Calendar Pro;Course;137;3;411;China;Shopify;Affiliate;2
5/14/2025;Menard;Male;Project Management Toolkit;Course;84;4;336;Portugal;Shopify;Paid Ads;2
12/07/2024;Corena;Agender;Ultimate Planner Hub;Subscription;74;3;222;United Kingdom;Direct;Affiliate;8
12/27/2024;Archaimbaud;Agender;Financial Tracker;Coaching Program;141;4;564;China;Shopify;YouTube;9
05/12/2025;Brandon;Genderfluid;Ultimate Planner Hub;Webinar;32;5;160;Russia;ClickFunnels;Organic Search;10
7/29/2024;Jori;Female;Habit Tracker for Creators;Course;86;3;258;Argentina;Direct;Paid Ads;5
11/05/2024;Ariadne;Female;AI Course for Beginners;Template;78;3;234;Peru;Teachable;TikTok;10
9/22/2024;Eudora;Female;Productivity Booster Pack;Coaching Program;103;4;412;China;Direct;YouTube;8
3/28/2025;Darryl;Female;Project Management Toolkit;E-book;35;4;140;China;Kajabi;TikTok;10
01/11/2025;Alyss;Female;Financial Tracker;E-book;42;5;210;Indonesia;Gumroad;Affiliate;8
05/01/2025;Elicia;Genderqueer;Financial Tracker;Subscription;135;1;135;Indonesia;Shopify;TikTok;5
4/23/2025;Layton;Male;Masterclass: Digital Marketing;Subscription;76;2;152;Ukraine;Kajabi;Facebook Ads;0
8/27/2024;Daisi;Female;Ultimate Planner Hub;Template;49;4;196;Czech Republic;Direct;YouTube;1
09/01/2024;Kalil;Male;Ultimate Planner Hub;Coaching Program;46;1;46;Ukraine;Teachable;Instagram;6
04/10/2025;Hetti;Female;Masterclass: Digital Marketing;Template;117;3;351;Czech Republic;Direct;TikTok;8
02/09/2025;Scotty;Male;Ultimate Planner Hub;Webinar;63;4;252;Ecuador;ClickFunnels;Instagram;5
6/19/2025;Jenilee;Female;Habit Tracker for Creators;E-book;94;5;470;Morocco;Shopify;Instagram;0
10/12/2024;Nataline;Female;AI Course for Beginners;Coaching Program;102;3;306;Canada;Teachable;YouTube;9
10/05/2024;Jereme;Male;Financial Tracker;Subscription;103;4;412;Argentina;Teachable;Organic Search;9
11/20/2024;Joye;Female;Habit Tracker for Creators;Coaching Program;116;3;348;Gambia;ClickFunnels;Instagram;4
9/24/2024;Kaiser;Male;Habit Tracker for Creators;Subscription;141;5;705;Nigeria;Teachable;TikTok;5
06/05/2025;Sean;Male;Content Calendar Pro;Webinar;58;1;58;Indonesia;Teachable;Affiliate;9
5/24/2025;Cole;Male;Productivity Booster Pack;Subscription;105;5;525;Nigeria;Shopify;Instagram;6
02/12/2025;Donavon;Male;Ultimate Planner Hub;Course;64;1;64;Ukraine;Kajabi;Affiliate;0
08/05/2024;Colan;Male;Content Calendar Pro;Course;50;2;100;Japan;Gumroad;Organic Search;1
12/21/2024;Agnola;Female;Content Calendar Pro;Webinar;19;5;95;Indonesia;ClickFunnels;Facebook Ads;3
2/15/2025;Marcelline;Female;Masterclass: Digital Marketing;Course;50;5;250;Portugal;Shopify;Instagram;6
4/20/2025;Manuel;Male;Notion Second Brain;Template;32;5;160;Brazil;ClickFunnels;Organic Search;0
2/25/2025;Desmund;Male;Financial Tracker;Course;80;5;400;Chile;Kajabi;Email;4
04/07/2025;Sax;Male;Financial Tracker;E-book;78;2;156;Namibia;Kajabi;Paid Ads;8
1/23/2025;Willie;Female;Project Management Toolkit;E-book;112;2;224;Philippines;Teachable;YouTube;2
11/21/2024;Kennan;Male;AI Course for Beginners;E-book;120;2;240;United States;Shopify;TikTok;9
10/25/2024;Brantley;Male;Project Management Toolkit;E-book;118;1;118;Russia;ClickFunnels;Paid Ads;3
10/15/2024;Mirilla;Female;Masterclass: Digital Marketing;Subscription;66;1;66;China;Kajabi;Affiliate;3
12/24/2024;Archibaldo;Male;Financial Tracker;Course;147;4;588;Argentina;Shopify;TikTok;10
4/14/2025;Tim;Agender;Notion Second Brain;Coaching Program;40;4;160;Ukraine;Direct;TikTok;10
1/21/2025;Karissa;Female;Content Calendar Pro;Course;66;2;132;China;ClickFunnels;TikTok;10
02/05/2025;Maison;Male;Productivity Booster Pack;E-book;99;3;297;China;Shopify;Facebook Ads;9
1/23/2025;Sadye;Female;Notion Second Brain;Subscription;39;1;39;Japan;Gumroad;YouTube;10
09/08/2024;Palmer;Male;Notion Second Brain;Webinar;43;1;43;Nicaragua;Shopify;YouTube;0
8/24/2024;Loella;Female;Content Calendar Pro;Coaching Program;28;2;56;Cameroon;Kajabi;Facebook Ads;5
7/31/2024;Alla;Female;Project Management Toolkit;Subscription;51;2;102;China;Shopify;Organic Search;6
6/25/2024;Janos;Male;Notion Second Brain;Course;82;5;410;China;Shopify;Facebook Ads;7
6/23/2025;Merry;Male;Notion Second Brain;Subscription;53;5;265;Russia;ClickFunnels;YouTube;5
3/28/2025;Yard;Male;Webinar: Launch Your First Course;E-book;90;2;180;Tanzania;Teachable;Affiliate;7
12/16/2024;Neale;Male;Productivity Booster Pack;Course;19;2;38;Ukraine;Shopify;Organic Search;2
3/23/2025;Tadeas;Male;Habit Tracker for Creators;Subscription;142;3;426;United States;ClickFunnels;Paid Ads;6
11/13/2024;Rubina;Female;Ultimate Planner Hub;Template;114;5;570;Russia;Kajabi;Organic Search;4
9/13/2024;Hyacinthia;Female;Ultimate Planner Hub;Template;140;1;140;Cameroon;Shopify;Facebook Ads;9
3/26/2025;Giacinta;Female;Productivity Booster Pack;Template;47;3;141;Indonesia;Direct;Organic Search;7
5/15/2025;Benetta;Female;Webinar: Launch Your First Course;Template;78;1;78;Democratic Republic of the Congo;Direct;Organic Search;0
10/27/2024;Jecho;Male;Productivity Booster Pack;Template;67;1;67;Indonesia;Kajabi;YouTube;5
